2656 4672
142 293 220 368 etto
321 262 1002 379 noranc.rtrrnnnenus1t

228 471 299 538 Die,
319 470 387 549 quid
403 474 456 526 erit
469 471 602 535 Marcus,
624 474 681 527 iem
694 470 760 544 fata
774 476 924 531 nouissima
931 471 1060 547 functus.

273 559 303 613 Si
318 558 413 611 redeat
429 558 519 612 vitam
533 576 625 611 rursus
640 560 669 611 in
682 560 808 613 aeriam?
1071 568 1075 573 ’

143 674 312 752 Respondet
322 671 394 728 huic
407 670 633 747 interrogationi
648 672 840 748 Pythagoras,
863 691 929 729 snm
944 677 1026 751 prins
1045 678 1146 737 scissis

118 836 121 841 .
144 761 233 818 tando
259 756 460 832 cognouisset.
498 764 585 831 quam
612 758 745 832 impurus
770 774 802 814 at
822 758 950 816 nefarius
970 762 1064 819 homo
1089 762 1145 823 ills

121 866 124 873 ·
145 847 262 903 Marsus
280 842 395 903 luisset.
424 841 495 895 dum
514 841 644 896 riuerst:

230 947 297 1002 Non
315 958 425 1014 taurus,
447 964 503 998 non
515 946 604 999 mulus
618 946 686 1009 erit,
708 958 764 999 nott
777 947 991 1027 ltippqtemelrst,

270 1031 337 1086 Non
352 1046 431 1103 cuper
450 1041 501 1083 ant
515 1033 603 1084 aries:
622 1031 671 1084 sad
686 1031 846 1086 scarabaeus
860 1036 920 1087 erit.

142 1148 283 1205 Eandem·
295 1145 436 1202 insaniam
463 1144 535 1220 (sed
555 1136 644 1220 paulo
663 1146 862 1226 moderatius)
883 1151 1088 1210 insaninernnt
1101 1167 1143 1212 et·

142 1235 203 1288 iam
224 1233 257 1287 in
277 1228 390 1306 populo
407 1230 528 1285 Iudaioo
548 1231 703 1286 Pharisaei.
732 1226 835 1296 Dixi,
856 1234 1051 1296 moderatius,
1073 1239 1145 1312 quis

144 1334 215 1374 teste
230 1313 357 1390 Iosepho
371 1312 422 1368 lib.
437 1315 546 1373 XVIII.
567 1314 704 1389 Antiquit.
721 1334 780 1389 cap.
793 1330 821 1372 2.
839 1333 867 1372 st
880 1320 915 1373 de
928 1321 1008 1395 Bello
1023 1323 1142 1379 Iudaico

142 1399 197 1459 lib.
212 1402 249 1454 Π.
274 1419 335 1475 cap.
350 1405 380 1466 8.
402 1397 442 1454 ita
461 1397 637 1457 sentiebant.
675 1418 792 1454 omnem
809 1401 928 1476 quidem
948 1404 1074 1461 animam
1094 1407 1142 1462 in·

143 1498 309 1561 corruptam
333 1499 409 1544 esset
438 1483 558 1538 transire
577 1497 671 1537 antem
690 1483 723 1538 in
744 1482 798 1538 ilia
814 1504 937 1561 corpora
952 1487 1027 1545 solea
1048 1487 1143 1546 bono.

32 1608 39 1629 t
141 1588 227 1633 rum,
255 1569 352 1642 iisque
373 1565 488 1620 facilem
512 1586 571 1622 este
595 1566 738 1622 advitam
759 1568 906 1634 reditum
931 1571 1142 1647 improborum

140 1673 214 1709 vero
228 1648 440 1708 interminabili
453 1646 598 1725 supplicio
615 1650 747 1705 cruciari.
787 1652 887 1708 Huius
906 1654 1051 1728 dogmatis
1066 1655 1142 1713 Pha·

54 1764 73 1791 .·
140 1735 241 1795 risaiti
254 1735 415 1811 restigium
430 1750 509 1790 extat
525 1735 612 1788 etiam
632 1735 665 1788 in
680 1735 811 1790 Historia
825 1737 1000 1811 Euangelios
1008 1775 1018 1803 ,
1035 1718 1092 1796 ibi
1106 1761 1141 1799 ee

141 1816 376 1900 opiniotlderodi
388 1817 477 1874 fuisse
492 1817 601 1872 dicitur
615 1818 651 1871 ds
664 1819 792 1874 Iohanne
805 1822 933 1896 Baptista
943 1818 1027 1879 iussu
1041 1826 1139 1881 Hero*

141 1906 188 1961 dis
205 1907 298 1981 capite
314 1917 460 1964 truncato,
482 1902 577 1977 ipsum
592 1901 624 1956 in
639 1900 762 1959 Christo
772 1905 924 1961 reuixisse·
947 1902 1017 1966 Vid.
1034 1906 1139 1964 Mentha

139 1990 220 2050 XIV.
237 1990 270 2043 in
289 2007 334 2063 pr.
351 1988 443 2042 Maro.
458 1987 508 2044 Vl.
526 2005 555 2039 v.
575 1994 622 2057 ¹4·
641 2001 670 2040 st
686 2005 765 2061 seqq.
785 1988 858 2043 Luc.
873 1991 924 2045 lX.
943 2011 973 2047 v·
984 1994 1017 2058 '7.
1034 2006 1137 2069 etseq.

138 2073 219 2129 Idaeo
235 2073 270 2127 ds
285 2070 341 2126 illo
357 2069 620 2144 transmigrationis
641 2070 800 2125 animarum
815 2072 949 2147 dogmate
963 2072 1139 2155 Pythagqfi.

38 2196 40 2201 -
140 2176 176 2216 oo
190 2154 331 2222 habebam
345 2175 417 2232 qnae
432 2154 566 2209 adderem
581 2172 666 2231 supra
678 2173 694 2208 a
708 2173 755 2210 me
774 2158 925 2213 annotatis.

224 2324 363 2403 Inprimis
383 2341 455 2379 vero
477 2317 666 2379 memorabile
690 2340 744 2386 est,
778 2320 859 2399 quod
884 2324 1015 2385 scribunt
1035 2327 1072 2383 de
1091 2346 1137 2386 sse

137 2414 241 2493 ptenni
261 2408 443 2484 Pythagorae
464 2405 625 2462 latitatione
647 2423 676 2463 et
701 2411 888 2467 emeciatione
906 2412 939 2466 in
960 2424 1049 2486 specu
1069 2410 1137 2470 tub·

139 2510 285 2557 terranea,
307 2512 358 2550 ssu
372 2491 526 2564 hypogeo.
552 2489 604 2546 vbi
621 2512 650 2547 se
667 2490 823 2556 abdiderit,
844 2494 928 2565 (sola
941 2495 1056 2551 conscia
1072 2516 1135 2553 me·

138 2594 200 2646 tre,
230 2599 303 2654 quae
327 2592 356 2631 et
376 2575 534 2629 necessaria
553 2576 648 2630 victui
668 2576 696 2631 si
716 2575 941 2634 subministrarit
957 2578 1134 2648 clanculum,

138 2683 168 2724 et
182 2665 255 2740 quid
269 2664 344 2718 inter
358 2659 494 2714 homines
504 2660 623 2714 interim
637 2677 776 2733 agerentr,
797 2663 985 2738 renuntiarit)
1007 2679 1041 2719 vt
1053 2681 1137 2721 mot·

63 2790 66 2797 .
136 2766 206 2807 tuus
232 2748 398 2806 videretur,
436 2743 609 2817 tandemque
634 2742 668 2798 ab
690 2745 791 2800 inferis
811 2747 846 2800 ad
868 2766 986 2820 superos
1013 2747 1134 2821 redisse.

137 2854 205 2890 enm
222 2847 291 2907 post
303 2828 485 2904 septennium
501 2830 597 2884 denuo
618 2848 654 2883 ex
675 2827 730 2883 illo
744 2829 881 2905 hypogeo
897 2840 1039 2896 emerent,
1061 2842 1135 2889 eon·

137 2917 321 2995 spiciendum
335 2933 371 2977 yse
394 2910 564 2966 bominibus
587 2911 770 2984 praebuisset.
819 2915 894 2972 Vide
917 2913 1135 2974 Tertullianum

82 3062 86 3069 ,
136 3003 216 3058 dicto
231 2999 324 3076 eapite
339 3005 388 3065 28.
431 2996 510 3052 Facit
525 2995 652 3050 eiusdem
664 2995 833 3053 latitationis
846 3000 1024 3054 mentionem
1043 2996 1134 3056 ττίττιΙ

134 3087 228 3160 Diog.
250 3083 400 3143 Laertius.
429 3097 592 3156 quanquam
611 3099 671 3136 non
690 3081 828 3154 exprimit
839 3080 883 3136 ibi
898 3097 1012 3156 tempus
1027 3081 1133 3139 defini·

131 3185 215 3232 tum,
243 3186 302 3242 quo
326 3165 422 3239 elapso
444 3166 551 3218 iterum
574 3163 730 3220 emerserit.
780 3167 906 3253 Tantum
930 3162 1062 3239 ἀορίστως
1081 3168 1134 3233 tit.

133 3250 204 3326 μετὰ
218 3251 317 3323 χρόνον
334 3246 462 3303 ἀνελθεῖν
478 3243 570 3315 ἰσχνὺν
590 3249 637 3303 atui
652 3248 931 3318 κατεσκελετευμένον
964 3250 1046 3322 quod
1056 3270 1132 3309 anon

134 3333 399 3408 debuit‚interpres
414 3329 588 3387 Ambrosius
606 3331 740 3389 reddare,
766 3331 848 3386 Anno
865 3334 962 3387 exarto
975 3334 1131 3395 ascendisse

133 3408 331 3499 Pythagoram
346 3430 399 3470 eto.
423 3433 490 3469 eum
511 3428 564 3466 neo
582 3414 679 3486 χρόνος
693 3428 820 3489 vnquam
841 3434 896 3489 pro
917 3429 1130 3495 annoss'urpe·

132 3515 183 3560 tur
189 3525 198 3568 ς
223 3519 251 3557 et
264 3500 303 3557 sit
316 3495 487 3559 verisimile,
509 3497 684 3571 Diogenem,
699 3496 724 3551 ai
740 3517 800 3553 non
817 3497 851 3554 tle
868 3500 1029 3575 septennio.
1050 3512 1131 3559 tetta

132 3580 170 3644 de
183 3583 318 3665 pluribus
333 3602 420 3658 quam
433 3602 493 3638 vno
508 3596 583 3636 enno
599 3581 728 3645 sensisse.
771 3580 850 3638 Illud
871 3598 968 3639 autem
981 3585 1129 3659 impostu-
1203 3594 1206 3599 '

130 3691 179 3727 ras
194 3686 223 3728 et
234 3669 300 3725 salai
320 3685 411 3742 genus
430 3663 681 3721 animaduersione
696 3680 812 3740 quoque
827 3667 950 3740 dignum
963 3680 1020 3730 eat,
1043 3664 1129 3745 qnod

42 3798 48 3813 ,
129 3754 232 3815 scribit
248 3754 413 3825 Diogenes:
443 3750 637 3823 Pythagoram
660 3766 705 3811 ea,
740 3768 812 3823 quae
838 3764 930 3807 mater
951 3751 1050 3828 ipsius
1069 3748 1132 3813 filit

128 3840 213 3897 iussn
228 3836 322 3894 literis
343 3836 541 3910 consignaret,
563 3846 664 3888 suante
679 3852 792 3896 rerum,
814 3834 917 3892 deinde
936 3824 1137 3912 postetthn?

128 3924 213 3999 qnasi
233 3919 390 3983 abinlsris
413 3919 594 3992 reuertisset.
624 3916 666 3972 sic
685 3917 817 3974 recitasse
836 3919 948 3978 niuibus
963 3920 1044 3996 suis,
1064 3934 1127 3978 tm.

127 4027 217 4084 quarn
239 4007 303 4083 ipss
327 4003 426 4062 eadem
455 4001 555 4060 absens
582 3997 761 4062 obterusssst
783 4005 1032 4083 esumamiuiaestt
1069 4022 1129 4083 que
