2656 4672
299 317 369 369 nn
402 282 539 370 v1'rA
566 254 991 389 seruauerint.¹
1045 306 1134 398 77
1214 292 1223 303 ’

123 480 289 557 fluetus
316 501 456 578 neque
491 459 540 552 ea
574 501 626 551 ex
655 477 801 578 quibus
834 477 965 580 prima
998 507 1135 558 rerum

123 603 305 678 omnium
333 600 436 674 basis
465 621 593 698 atque
617 603 930 676 fundamentum
959 624 1133 679 constat.

121 724 422 801 Abstinendum
462 719 570 794 enim
611 722 774 796 dicebat
813 749 837 795 a
879 724 1133 819 victimarum
1164 722 1167 735 ’

123 839 286 937 lumbis,
309 836 522 934 testiculis,
548 842 771 942 pudendis,
796 848 994 938 medulla,
1017 846 1133 946 pediq-
1191 874 1202 881 ·

121 968 198 1039 bus
223 986 350 1065 atque
376 961 529 1063 capite3
561 989 658 1036 nam
684 966 842 1038 lumbos
864 968 982 1040 basin
1007 992 1134 1042 voea-

93 1171 96 1183 y
122 1089 208 1177 bat,
231 1088 345 1187 quod
370 1079 560 1159 animalia
576 1083 629 1156 eis
643 1103 844 1183 tanquam
861 1088 1133 1168 fundamento
1236 1170 1241 1182 Ι

54 1272 56 1277 .
122 1207 265 1281 innixa
291 1202 525 1279 subsistant:
560 1221 703 1276 ‘ortum
732 1230 829 1291 vero
853 1207 937 1280 siue
962 1210 1134 1313 genera}

84 1395 87 1405 ,
121 1327 296 1424 tionem,
323 1325 547 1416 testiculos,
578 1344 705 1421 atque
728 1330 945 1425 pudenda:
978 1331 1134 1428 absque
1175 1420 1178 1427 Ι
1212 1353 1218 1369 ’

122 1455 269 1524 horum
288 1444 395 1522 enirn
416 1468 543 1546 opera
565 1447 724 1518 nullum
740 1447 890 1522 animal
905 1468 1153 1552 generatim·
1174 1445 1184 1483 ’·
1246 1526 1249 1533 ,
1275 1536 1280 1545 .

121 1573 424 1647 lucrementum
465 1568 703 1664 appellabat
724 1569 978 1644 medullam:
1025 1572 1134 1668 quse
1241 1656 1244 1669 Ι

123 1692 282 1768 eunetis
305 1685 545 1762 animalibus
570 1682 808 1762 inerementi
829 1697 993 1764 eausam
1013 1713 1134 1789 prae·

122 1832 215 1890 stat.
265 1804 514 1908 Principium
537 1807 718 1916 necabat
739 1817 883 1911 pedes3
911 1806 1041 1911 capnt
1058 1834 1134 1899 ²31²?

121 1957 208 2013 tem
232 1930 374 2023 finem,
410 1931 526 2028 quod
552 1926 595 2000 iis
619 1930 866 2027 potissimum
895 1955 1132 2032 corpusne·

123 2077 256 2161 gatus.
303 2052 360 2125 *F
361 2049 444 2125 abis
479 2074 578 2125 vero
612 2073 745 2149 aeque
782 2074 909 2152 atque
946 2048 1133 2167 humanis
1181 2106 1188 2139 ·.

124 2175 315 2269 earnibus
350 2168 635 2245 abstinendum
667 2174 871 2247 monebat.
930 2175 1134 2247 Referunt

123 2320 262 2374 autem
285 2295 420 2395 ipsum
442 2290 670 2387 huiusmodi
697 2294 749 2366 ob
777 2314 941 2397 eausam
966 2288 1045 2369 hoe
1070 2278 1134 2367 inss

82 2428 86 2437 '
122 2415 343 2494 terdixisse.
395 2410 508 2487 'Cum
530 2412 703 2513 primum
729 2428 864 2488 rerum
887 2404 1136 2516 prinei'p'i‘u'tn

124 2563 250 2640 atque
267 2524 381 2640 urigo
400 2532 578 2608 inuicem
592 2534 839 2609 conturbata
862 2540 1003 2629 essent,
1028 2536 1135 2609 mul·
1208 2632 1211 2640 μ

122 2685 251 2761 taque
266 2658 383 2734 simul
395 2655 441 2728 iu
459 2675 568 2730 terra
584 2657 754 2729 confusa
775 2655 881 2729 inter
904 2681 943 2728 se
960 2656 1134 2731 coaluit·
1201 2704 1203 2715 ·

123 2803 225 2872 sent,
250 2779 449 2878 simulque
466 2775 816 2876 computruissent,
839 2775 1037 2876 paulatim
1052 2776 1133 2851 sin·

122 2906 221 3006 gula
248 2920 390 2974 exorta
412 2919 539 2998 atque
566 2898 738 2973 discreta
755 2897 890 2972 fuisse.
946 2899 1134 2999 Cumque

123 3021 241 3098 simul
272 3040 315 3093 et
343 3017 533 3093 animalia
561 3039 844 3113 nascerentur,
892 3034 946 3092 et‘
962 3020 1133 3115 plantae
1239 3037 1250 3065 ⁸

96 3146 470 3243 :producerentur3
496 3161 584 3215 tum
610 3165 661 3212 ex
686 3143 827 3213 eadem
849 3136 1067 3235 putredine
1090 3157 1148 3211 et=¹

121 3262 303 3337 homines
323 3261 514 3353 extitisse,
541 3281 582 3333 et
601 3262 715 3334 fabas
732 3257 966 3353 effloruisse.
1009 3256 1132 3331 Cuius
1193 3291 1195 3295 ·
1221 3236 1226 3245 ⁸

121 3382 180 3466 rei
196 3381 407 3456 manifesta
425 3383 657 3455 adducebat
678 3400 928 3485 argumenta.
980 3378 1020 3455 si
1036 3376 1149 3477 quis·
1229 3430 1235 3439 ,

16 3494 19 3502 ¹
123 3503 233 3583 enim
255 3505 392 3575 fabam
406 3508 588 3596 arrodat,
617 3502 887 3604 dentibusque
901 3500 1132 3574 eominu-

123 3640 208 3700 tatu
232 3620 483 3696 sernentibus
503 3623 592 3698 solis
613 3624 733 3698 radiis
760 3626 975 3723 paululum
1000 3646 1130 3721 expo·

123 3765 220 3839 nat,
269 3765 311 3817 et
344 3732 438 3842 post
478 3746 668 3847 exiguum
704 3743 895 3843 temporis
935 3742 1132 3818 interual-

123 3868 210 3938 lum
235 3870 395 3959 redeat,
437 3864 604 3937 humani
634 3866 786 3938 cruoris
819 3870 982 3938 odorem
1009 3860 1054 3936 in
1080 3886 1150 3962 eu¹

123 3985 343 4087 percipiet,
399 3987 614 4064 Praeterea
634 3985 682 4062 -si
700 3980 808 4088 'quis
848 4010 898 4061 eo
934 4006 1129 4085 tempure,
