2656 4672
519 107 528 136 t

325 252 401 360 nnP
422 286 559 383 νιιᾼ
585 246 991 399 erfruncoiinniq'
1115 289 1168 382 [47

150 468 195 544 iu
205 494 419 547 commune
429 474 693 546 conferebant
701 498 711 567 ;
726 473 956 573 eththago
967 490 1050 546 tam
1059 469 1177 548 inter
1230 497 1238 531 ··

237 691 343 749 studiis
372 692 538 748 deditorum
568 663 749 755 societatem,
773 690 823 746 ad
846 690 989 746 diuinum
1008 670 1164 771 exemplar,

238 793 267 830 et
297 778 387 831 totius
421 764 552 833 vniriersi
583 766 807 833 similitudinem
837 775 1006 830 institutam
1030 781 1164 854 recepit.

236 859 390 916 Pelluntur
413 863 491 916 cuim
516 864 569 936 qui
590 861 771 918 Platonem
761 883 793 917 ιιι
811 859 920 934 quauis
944 860 1068 916 ciuitate
1086 882 1165 918 com-

235 957 356 1024 munem
390 965 476 1002 vsum
506 967 605 1003 rerum
636 947 770 1000 omnium
804 943 996 999 introducere
1030 945 1164 1028 voluisse

236 1021 410 1085 existimant.
453 1027 645 1094 Falluntur,
635 1048 771 1102 inquam,
794 1049 859 1084 cum
882 1023 1002 1087 Platorii
1025 1032 1163 1105 proposi·

236 1127 299 1166 tum
322 1113 423 1169 luerit·
437 1113 607 1188 exemplar'
606 1116 684 1168 vitae
715 1130 801 1187 quam
829 1111 1016 1169 felicissimae
1047 1129 1075 1169 et
1104 1116 1161 1170 deo
1197 1097 1205 1117 ,

212 1208 215 1212 '
236 1192 404 1253 simillimae
427 1198 518 1251 enimi
536 1197 764 1272 cogitationibus
787 1213 963 1271 conceptum
985 1197 1162 1255 mortalibus

234 1299 412 1356 proponere.
456 1281 586 1356 Ideoque
611 1300 677 1336 cum
700 1282 785 1336 deum
809 1302 874 1355 non,
887 1279 986 1336 solum
1003 1285 1160 1358 semetipso

238 1369 424 1429 contentum,
455 1385 486 1420 ac
509 1366 643 1441 sibiipsi
664 1363 869 1426 sufficientem,
899 1371 955 1419 neo
976 1365 1161 1441 indigentem
1193 1390 1194 1393 ¹

236 1448 297 1504 vlla
318 1470 349 1503 re
372 1468 505 1514 externa,
542 1448 599 1507 hoc
623 1467 678 1510 cst,
713 1450 860 1505 bonorum
888 1448 1024 1504 omnium
1045 1452 1161 1507 fontem

224 1534 416 1595 ,vberrimum
440 1553 499 1590 esse
524 1535 690 1596 didicisset}
714 1534 764 1589 sed
787 1535 952 1589 diffundere
978 1551 1007 1587 se
1030 1555 1062 1588 ac
1080 1535 1160 1591 bona

234 1637 284 1673 sua
307 1634 335 1672 et
357 1617 438 1682 aliis,
466 1636 499 1673 vt
520 1621 583 1694 ipse
604 1619 637 1674 in
660 1619 781 1673 Timaeo
802 1617 952 1694 loquitur,
981 1616 1159 1694 absquein·

231 1702 314 1756 vidia
335 1703 567 1766 communitum
589 1703 630 1758 ita
649 1701 799 1758 hominem
808 1701 938 1778 publice
961 1721 993 1756 ac
1014 1703 1159 1781 priuatim

232 1775 368 1841 credebai
394 1790 471 1851 lore
488 1787 699 1852 beatissimum,
739 1787 766 1842 si
795 1787 831 1841 ad
863 1788 982 1842 diuinae
1013 1784 1157 1844 bonitatis

232 1871 400 1946 exemplum
421 1871 668 1932 conformaretur,
693 1887 722 1926 et
738 1869 814 1926 bona
834 1892 884 1926 sua
906 1885 976 1925 cum
1001 1871 1157 1947 quamplu-

230 1955 315 2009 rimis
339 1949 659 2012 habe1·et'coinmunia:
699 1972 728 2015 et
748 1955 803 2010 hac
825 1957 1033 2010 communione
1052 1959 1088 2011 ad
1110 1956 1156 2010 di·

230 2039 317 2117 vinae
342 2041 462 2096 rnita'tis
491 2039 716 2095 similitudinem
747 2059 833 2113 quam
855 2040 992 2112 proxime
1018 2041 1155 2119 accedere

231 2124 421 2179 existimabat.
464 2129 489 2179 A
511 2145 567 2198 qua
590 2140 669 2179 tanto
690 2124 810 2199 longius
833 2123 1009 2185 disceditur,
1041 2140 1153 2198 quanto

229 2196 323 2281 magis
341 2210 543 2283 uuusquisque
558 2208 594 2262 ad
610 2206 783 2282 particulare
803 2227 839 2267 ac
858 2207 1014 2282 proprium
1031 2207 1154 2280 aliquod

139 2319 144 2325 ·
229 2289 343 2345 bonum
364 2291 466 2346 fertur.
509 2295 553 2346 Ita
575 2291 740 2349 Pr.oclusl
769 2314 795 2346 ι.
818 2293 896 2347 Tim.
919 2312 952 2368 p.
977 2302 1023 2364 14.
1050 2291 1107 2349 Δια
1124 2291 1154 2345 tl
1215 2324 1218 2331 ·

227 2367 277 2428 ουν
306 2371 373 2449 παρ’
397 2373 555 2451 ἀνθρώποις
580 2378 708 2481 μιρισιῶς
731 2377 818 2432 ταῦτα
842 2365 1044 2441 succidimur,-
1079 2374 1153 2430 tatu

228 2460 326 2532 ζοιῆν’
311 2482 418 2533 εχοοοιν
434 2463 540 2531 irrisu,
570 2485 617 2519 ιιοιι
610 2465 745 2537 Ηπρὸς
717 2485 748 2519 ιο
766 2465 876 2540 pependit
893 2461 1085 2523 ἄποιοὶνονιαι
1102 2461 1152 2516 τοῦ

228 2547 294 2604 ὅλου
317 2547 492 2614 ἀποστάντες.
533 2550 589 2608 Διὰ
611 2552 665 2624 γὰρ
691 2556 772 2608 coito
795 2553 827 2607 ιό
849 2551 915 2622 ἐμὸν
938 2554 985 2607 καὶ
1009 2547 1059 2606 οὔκ
1085 2546 1153 2621 ἐμὸν

227 2637 297 2692 uoto
313 2636 381 2713 παρ’
401 2634 513 2704 αὐτοῖς,
537 2660 627 2702 cruore
644 2640 738 2696 δὲκαὶ
755 2640 880 2695 κοινωνία
904 2641 969 2709 ζωῆς
985 2637 1151 2695 ἐκλέλοιπεν

229 2726 284 2779 Cur
309 2715 521 2808 particularibus
550 2726 629 2780 ironis
658 2726 830 2801 acquirendis
859 2726 984 2778 domines
1015 2724 1151 2776 student?

227 2810 295 2885 quia
300 2808 400 2863 'vitant
423 2798 547 2867 obtinent
565 2809 643 2863 relus
658 2809 873 2864 neuterialilms
863 2827 1033 2868 rmntersam,
1063 2819 1091 2860 et
1112 2805 1149 2860 ab

225 2894 353 2948 uniuerso
378 2894 535 2965 deficientes
559 2894 596 2946 ael
620 2895 787 2966 particulare
800 2893 939 2966 feruntur.
993 2894 1065 2946 Hac
1075 2893 1149 2944 enim

225 2977 261 3030 de
281 2997 362 3030 causa
378 2976 515 3053 frequens,
531 2978 607 3051 apud
630 2979 694 3034 illos
715 2993 770 3038 est,
800 2978 887 3030 nreuni
909 2990 936 3030 et
958 2994 1014 3030 non
1039 2994 1148 3028 meum:
1228 3034 1232 3039 ,

203 3132 206 3134 ‚
228 3063 294 3116 vario
312 3070 404 3115 autent
420 3076 447 3115 et
461 3067 613 3118 contmunio
629 3067 703 3117 vitae
717 3062 827 3136 defecit.
852 3059 936 3115 Pluta
953 3059 1032 3134 apud
1048 3061 1148 3134 ipsum

226 3142 288 3218 logi
303 3163 442 3220 possunt,
473 3146 581 3218 quibus
598 3145 724 3203 Platonis
743 3167 824 3200 mens
841 3144 1006 3200 luculenter
1021 3138 1147 3218 enplica·

226 3245 282 3284 tur.
314 3231 351 3284 Et
366 3251 431 3285 sane
445 3231 470 3284 si
484 3249 544 3285 rem
560 3248 638 3286 recte
654 3233 867 3306 expendamus,
891 3226 1061 3284 videbimus
1077 3245 1146 3301 pro·

149 3320 153 3327 '
224 3313 310 3375 lecto,
327 3332 443 3370 omnem
456 3315 612 3371 hominum
627 3318 794 3371 societatem
812 3333 846 3370 eo
862 3313 1027 3370 feliciorem
1039 3330 1099 3366 esse
1113 3329 1154 3364 aur
1196 3377 1198 3383 k

226 3397 475 3470 tranquilliorem,
511 3416 618 3473 quanto
643 3401 737 3455 maior
759 3401 838 3454 inter
864 3417 965 3455 omncs
995 3397 1146 3452 bonorum

224 3481 379 3552 aequalitas
400 3499 428 3538 et
449 3486 618 3539 communio
640 3485 738 3558 viget3
765 3485 820 3540 vbi
841 3503 902 3539 non
924 3483 1010 3557 pauci
1030 3479 1152 3552 aliquot-

225 3565 333 3639 opibus
347 3566 475 3630 assluunt,
498 3563 616 3624 caeteris
626 3586 755 3644 egestate
772 3569 933 3644 oppressis:
957 3584 1030 3640 quae
1044 3562 1145 3637 iniqui
1179 3594 1181 3599 ·

225 3665 255 3704 et
269 3650 415 3727 tyrannici
429 3652 546 3726 imperii
560 3670 627 3708 note
642 3656 802 3710 certissima
816 3673 877 3709 esse
892 3650 974 3707 solet.
1008 3652 1055 3705 Dc
1069 3663 1143 3704 vxo-

223 3753 290 3788 rum
314 3737 521 3792 communione
541 3737 619 3791 nihil
641 3739 717 3794 dico.
762 3738 875 3812 Operae
896 3735 1024 3808 pretium
1048 3750 1144 3788 tamen

226 3819 281 3872 erit
300 3818 402 3888 videre
425 3834 500 3892 quac
519 3823 673 3876 Bessarion
688 3823 773 3876 Card.
790 3822 919 3894 scripsit,
943 3818 994 3874 lib.
1012 3821 1061 3874 IV.
1083 3834 1145 3889 cap·

200 3914 254 3968 ·5-
278 3921 428 3975 nunquam
454 3905 522 3961 satis
542 3903 652 3959 laudati
671 3907 769 3978 operis
795 3921 895 3960 contra
911 3901 1145 3979 ·Trapezuntium
1201 3960 1202 3965 ¹

146 4050 150 4059 1
223 3985 487 4058 Πλαιιινοιιάοιινᾳ.
530 3989 684 4047 &smum
699 3990 778 4045 int‘cr
791 3988 974 4047 Christianos
991 3985 1070 4042 haud
1084 3983 1143 4038 dis·
