2656 4672
339 323 407 373 nn
435 316 572 375 vsrA
601 274 995 383 avennacum}
1127 295 1181 401 59

161 482 510 587 Ea*ei1im,quae
537 483 1021 589 deEbpborbi-Phrygis
1046 503 1177 580 scuto,
1264 491 1267 496 ’
1292 477 1294 483 ’

160 608 342 703 Mycenis
368 609 412 682 in
441 614 654 695 honorem¹
671 605 851 709 Argiuae
874 607 1048 699 ,Iunonis
1080 633 1177 697 cum

160 728 245 804 aliis
279 730 416 832 spoliis
441 727 633 808 Troianis
667 754 885 829 suspenso,
928 732 1176 825 referuntur,
1262 756 1266 767 ¹

159 871 208 929 vt
233 849 347 930 nimis
374 853 618 952 peruulgata
643 848 918 954 praeterimus.
971 851 1195 946 Caucasus·
1307 919 1311 927 .

105 982 115 989 “
160 996 332 1075 quoque
349 971 498 1049 fluuius
513 991 791 1044 transeuntem
809 995 902 1045 cum
918 970 1051 1045 multis
1075 969 1177 1046 ami-

163 1116 305 1170 corum
324 1096 539 1184 allocutus,
565 1111 606 1165 et
622 1094 734 1165 clara
748 1113 882 1194 ¹atque
899 1091 1060 1192 liquida·
1072 1114 1178 1167 voce

163 1213 322 1288 cunctis
349 1211 608 1289 audientibus
630 1210 773 1285 dixisse
794 1215 941 1287 fertur:
967 1217 1076 1290 Saloe
1095 1219 1177 1315 Py-

165 1335 338 1435 thagora.
398 1333 656 1434 Quinetiam
684 1360 766 1411 vna
794 1341 1019 1434 eademque
1045 1334 1178 1408 dieat

163 1454 395 1554 Metaponti
421 1455 626 1549 initalia,
654 1477 694 1529 et
720 1455 987 1530 Tauromenii
1013 1453 1178 1531 inSici·
1232 1534 1236 1547 ⁸

161 1575 236 1668 lia,
263 1575 398 1652 amicis
421 1601 526 1676 quos
551 1577 770 1676 utrobique
792 1578 970 1657 habebat
989 1558 1177 1669 adfuisse,

71 1730 74 1741 ·
163 1720 205 1801 et
219 1697 263 1772 in
277 1697 445 1800 publico
469 1718 593 1773 coetu
615 1679 855 1773 adlocutum
875 1680 1005 1791 fuisse,
1034 1719 1174 1775 omnes

161 1816 708 1920 propemodum·affirmant3
734 1823 1067 1908 cummultorum
1097 1840 1180 1890 stae

139 1939 344 2032 diorum,
385 1928 469 2041 qua
494 1961 602 2015 terra
637 1966 722 2039 qua
754 1939 874 2033 mari,
914 1940 1181 2019 interuallum

164 2059 415 2154 intercedat,
442 2061 624 2141 non'nisi
648 2060 916 2161 complurium
940 2060 1094 2134 dierum
1112 2058 1178 2131 iti-

163 2208 263 2256 nere
295 2181 617 2257 conficiendum.
695 2183 819 2280 Quod
860 2181 966 2255 enim
1006 2177 1179 2256 Abaridi

164 2294 453 2402 Hyperboreo,
499 2300 571 2402 qui
595 2301 832 2403 Apollinem
863 2305 1177 2402 Hyperboreum
1267 2354 1269 2367 ·

165 2447 259 2496 eum
294 2406 380 2496 esse*
408 2427 620 2517 credebat,
667 2424 781 2498 cuius
812 2429 997 2499 sacerdos
1032 2421 1178 2499 Abaris

167 2566 270 2639 erat,
305 2570 474 2619 aureum
501 2545 721 2619 ostenderit
746 2548 895 2637 femur,
936 2543 1010 2643 qui
1039 2552 1181 2619 uerum

161 2648 210 2738 id
229 2691 310 2767 esse
326 2667 604 2759 confirmaret,
631 2692 752 2739 nemo
770 2691 858 2740 non
874 2665 1002 2739 nouit.
1035 2665 1180 2763 Quoda-

165 2794 249 2886 q'ue
273 2785 374 2859 naui
395 2793 577 2886 quadam
598 2791 843 2887 appellente,
870 2805 912 2859 et
928 2786 1063 2860 amicis
1079 2811 1182 2884 pre-

165 2908 354 2983 cantibus
377 2907 449 2981 sibi
467 2933 616 2982 merces
640 2933 742 3007 quas
759 2909 935 2982 vehebat
955 2907 1181 3008 obtingere,

74 3012 77 3019 ⁵
164 3031 416 3132 Pythagoras
439 3029 603 3102 dixerit:
633 3055 728 3132 ergo
747 3049 931 3103 mortuus
952 3026 1065 3102 vobis
1079 3025 1180 3098 'eritt

166 3149 368 3250 nauisque
393 3155 591 3229 accedens
615 3172 820 3224 mortuum
840 3148 998 3241 tulerit3
1027 3169 1068 3221 et
1088 3171 1179 3220 sex·

165 3292 289 3345 canta
315 3270 395 3344 alia
421 3274 548 3344 multo
584 3269 881 3344 admirabiliora
913 3289 1041 3367 atque
1075 3263 1179 3340 diui·
1225 3311 1233 3327 =

166 3392 285 3468 niora
319 3398 371 3466 de
404 3398 483 3468 hoc
518 3392 607 3469 viro
651 3411 887 3467 constanter
917 3386 1054 3492 'atque
1092 3411 1179 3489 vno

253 3680 371 3737 maeoni
392 3679 564 3754 Amphiarai
590 3678 654 3734 silio
680 3678 798 3736 damni:
834 3675 887 3751 qui
910 3671 1108 3749 Ἀμφιαρηδίης
1130 3695 1180 3752 pa·

254 3765 421 3838 tronymica
442 3782 515 3834 voce
532 3761 703 3839 appellatur.
748 3764 852 3838 Neque
873 3760 953 3813 enim
968 3757 1127 3816 Alcmaeon
1144 3759 1182 3826 do

254 3850 395 3913 Arcadia,
430 3848 592 3922 quod'loci
614 3867 723 3902 nomen
746 3863 888 3919 nusquam
913 3859 1055 3899 terrarum
1079 3859 1199 3907 exstau·

257 3936 437 4008 quaesierat:
462 3948 496 3986 vt
511 3931 728 3987 eruditissimus
745 3931 889 4002 interpret
904 3927 1027 4002 accepit:
1052 3929 1102 3983 aad
1118 3930 1186 3983 orei

256 4017 393 4075 culorum
414 4016 584 4091 ambagibus
606 4013 671 4071 [alli
692 4013 855 4068 humanum
878 4012 932 4068 eit·
