2656 4672
134 275 238 363 '286
284 301 285 305 ’
480 326 482 331 ·
545 295 815 359 {attaris-tt,
854 318 865 355 .·

162 470 344 545 Pythagoras
364 465 519 523 Androclia
547 463 626 522 filius
649 460 806 542 a'doptinus
826 467 968 535 mittitur·¹
987 471 1028 526 ad·
1047 470 1170 529 cithari

207 571 285 619 stan,
306 552 545 626 ludimagistrum
569 567 603 611 et
618 553 773 626 pictorem.
818 569 846 626 9
1179 580 1186 591 ‹

163 639 344 736 Pythagorae
364 634 493 713 καρτερία
518 645 545 687 et
560 633 756 705 κακοπάθεια,
784 635 817 690 id
842 653 900 702 eat,
931 636 1086 697 tolerantia
1108 640 1169 695 exi·

206 724 268 777 ιιιιι
286 724 319 777 in
341 725 484 793 Aegypto.
529 730 558 783 7.

139 807 343 903 .Pythagoras
378 800 529 859 familiaris
560 801 619 856 fuit
646 757 814 877 Pherecydi
836 804 924 879 Syrio
954 823 983 863 et
1007 808 1170 864 Hermodo-

206 893 300 946 manti
322 885 512 961 Creophylio.
537 905 563 941 a.
600 886 649 941 Aa
670 887 823 944 doctorem
842 891 1038 966 Pherecydem
1060 894 1169 948 morbo

205 973 371 1050 pediculari
391 971 570 1041 laborantem
592 970 625 1025 in
645 970 724 1033 Delo
747 978 908 1031 curandum
936 975 1087 1051 proiectus
1116 992 1169 1033 est.

209 1070 258 1126 55.
300 1062 336 1113 In
357 1056 450 1133 patria
472 1035 602 1109 scholam
624 1055 739 1130 aperuit
760 1057 913 1114 celebrem.
957 1069 985 1126 5

139 1188 144 1193 .
163 1142 346 1218 Pythagorae
364 1139 493 1202 ὅιαλίξεις
510 1158 561 1194 eeu
578 1138 750 1212 παραινέσεις
767 1142 857 1197 duum
873 1162 1013 1217 generum
1031 1143 1167 1227 {nerones

206 1225 256 1282 vel
273 1221 434 1297 dubitaui,
459 1221 508 1277 vel
528 1216 702 1291 crudelitati.
738 1223 780 1277 56.

101 1311 102 1314 ’
163 1309 343 1391 Pythagoras
377 1326 451 1367 cum
473 1307 533 1361 suis
562 1304 749 1361 sectatoribus
779 1323 883 1381 quanta
912 1308 945 1363 in
974 1308 1170 1366 admiratione

166 1393 282 1451 olim
303 1392 394 1448 luerit
409 1410 461 1466 per
476 1389 596 1457 Italiam.
625 1397 675 1460 54.
719 1391 760 1443 lta
782 1410 883 1447 omnes
903 1392 936 1446 in
959 1412 988 1460 se
1011 1395 1169 1455 conuertit.

160 1544 162 1556 Ι
204 1494 241 1535 rt
261 1477 347 1532 mica
369 1475 494 1536 ιαιοιιι.
524 1492 611 1547 quam
628 1472 661 1527 in
677 1472 761 1551 Italia
781 1473 903 1539 habuit,
927 1476 987 1531 duo
1001 1475 1097 1531 millia
1110 1474 1172 1533 ho·

205 1564 323 1621 minum
345 1560 426 1625 adse
443 1557 625 1634 pertraxerit.
670 1572 716 1612 so.

163 1646 357 1721 Pythagoram
375 1643 451 1699 inter
469 1643 538 1698 deos
548 1656 705 1713 ,numerant
721 1639 768 1697 sui
783 1659 947 1701 sectatores.
991 1658 1040 1701 ao.

163 1730 342 1806 Pythagoras
360 1746 480 1799 aureum
495 1725 590 1793 femur
611 1745 697 1781 suum
719 1727 847 1783 ostendit
871 1728 990 1793 Abaridi
1013 1728 1168 1805 Hyperbo-

98 1870 101 1879 ,
206 1835 274 1876 reo,
305 1812 321 1866 a
345 1831 404 1887 quo
426 1831 480 1886 pro
503 1808 640 1883 Apolline
664 1811 857 1887 Hyperboreo
878 1812 996 1873 habitus
1019 1813 1086 1873 init.
1118 1824 1168 1883 ιε.

206 1897 367 1972 libythmis
382 1911 410 1951 et
421 1892 673 1949 modulationibus
688 1909 716 1949 et
731 1895 833 1967 epodis
854 1917 904 1951 seu
920 1897 1168 1955 incantationibus

165 2032 168 2041 .
206 1981 379 2059 permulsit,
412 1977 499 2034 leniit
520 1993 548 2032 et
570 1976 685 2032 curauit
706 1992 763 2031 tam
777 1980 944 2034 animorum
960 2001 1046 2055 quam
1063 2002 1168 2057 eorpo-

205 2086 274 2123 rum
300 2065 469 2120 affectiones
492 2062 623 2118 vitiosas.
655 2074 704 2127 50.
755 2065 944 2136 Aegrotantes
966 2085 1092 2141 corpore
1118 2064 1169 2123 rel

207 2152 308 2209 animo
326 2150 435 2203 amicos
452 2165 511 2221 quo
528 2161 611 2219 pacto
635 2160 663 2199 et
684 2146 792 2219 quibus
810 2148 947 2203 remediis
969 2151 1086 2206 curarit.
1116 2160 1168 2221 353

185 2242 190 2251 ’
206 2237 255 2295 Ad
272 2234 351 2308 lyrae
366 2232 471 2287 modos
485 2231 610 2284 animam
627 2249 707 2284 suam
723 2231 861 2288 reddebat
876 2233 949 2287 bene
966 2237 1169 2308 compositam.
1186 2266 1189 2272 ·

208 2322 341 2377 accinens
362 2315 491 2371 Thaletis
508 2334 651 2389 pesenae„
670 2330 698 2368 et
713 2314 836 2371 Homeri
855 2332 941 2390 atque
953 2317 1082 2397 ¹Hesiodi
1101 2335 1169 2395 epta

208 2400 433 2475 tranquillandis
464 2416 493 2454 et
520 2397 779 2453 mansuefaciendis
809 2402 913 2454 animis
946 2402 1080 2457 earmina.
1117 2418 1168 2471 52.

208 2487 381 2559 saltationes
405 2485 542 2556 quasdam
563 2481 736 2556 insumebat,
766 2485 874 2557 quibus
897 2499 925 2539 et
945 2486 1085 2541 concinni
1103 2506 1168 2543 mc·

209 2589 256 2629 tus
280 2586 309 2625 et
330 2570 434 2639 sanitas
455 2567 587 2642 corporis
609 2564 796 2622 efficerentur.
842 2584 891 2636 32.

166 2657 347 2734 Pythagorae
371 2670 400 2709 et
419 2671 524 2728 corpus
546 2667 575 2706 et
592 2650 705 2706 animus
724 2673 837 2728 semper
855 2651 914 2709 sibi
927 2653 1061 2710 constans
1077 2671 1107 2711 et
1122 2654 1169 2711 sui

124 2774 126 2779 ,
164 2754 170 2770 “·
210 2736 317 2813 similis
336 2738 411 2801 inin:
426 2737 510 2812 quasi
524 2737 557 2790 in
575 2735 702 2811 quodam
717 2737 911 2814 aequilibrio,
934 2737 1028 2805 bonae
1044 2756 1072 2804 et
1086 2759 1180 2803 seen·-

208 2841 286 2899 ratae
306 2824 414 2878 diaetae
431 2820 582 2877 beneficio.
625 2828 675 2890 55.

166 2910 344 2985 Pythagoras
359 2927 413 2962 nec
427 2905 579 2980 voluptate
595 2905 717 2961 diffusus
733 2924 775 2964 est
789 2927 919 2982 nuquam
934 2925 1020 2980 supra
1033 2909 1170 2973 modum.

208 3013 263 3050 nec
285 3011 419 3048 moerore
441 3007 614 3047 contractus.
644 3000 696 3060 55.
745 2994 904 3066 Nunquam
925 3010 979 3047 nec
998 2991 1095 3047 ridere
1115 3010 1171 3048 nec

209 3076 280 3151 llere
298 3077 380 3131 risus
403 3096 418 3128 a
435 3094 592 3148 quoquam.
614 3083 664 3143 55.
710 3075 832 3147 Qualem
851 3096 879 3131 se
895 3077 1017 3151 gesserit
1034 3077 1071 3137 ιιι,
1082 3074 1171 3133 sacri·

210 3160 286 3216 liciis
324 3160 454 3214 deorum.
489 3167 539 3226 55.
595 3162 705 3215 Bouem
737 3161 877 3235 pinguem
905 3159 1171 3231 diisirumolauit.
1203 3208 1212 3227 .-

208 3261 398 3323 posteaquam
414 3243 603 3319 problematis
622 3243 773 3313 citiusdam
795 3237 978 3318 geometrici,
989 3243 1172 3311 solutiones!

165 3388 171 3397 ,
209 3330 335 3385 inuenit.
364 3327 415 3398 56.
466 3329 627 3402 Nunquam
654 3329 852 3403 propinquare
880 3329 981 3385 voluit
1008 3330 1114 3403 coquis
1136 3343 1174 3393 ‚et
1205 3346 1209 3354 ’

209 3411 398 3472 venatoribus
423 3413 460 3468 ob
483 3412 579 3485 fugam
608 3414 702 3468 caedis
732 3411 936 3479 animatorum.
961 3430 987 3481 7.
1007 3472 1010 3479 ,
1027 3412 1172 3487 «Euphor-

166 3554 170 3561 ,
208 3497 282 3555 burn
304 3517 334 3552 se
354 3495 427 3551 olim
440 3498 474 3551 in
487 3493 566 3553 bello
583 3497 711 3552 Troiano
726 3497 815 3553 luisse
830 3495 1078 3571 irrefragabilibus
1093 3495 1173 3553 scili·

208 3599 255 3637 cet
277 3582 453 3657 argumentis
477 3580 616 3635 conuicia.
640 3580 688 3635 26.
734 3579 838 3637 Multis
854 3598 1009 3643 anteactam
1026 3581 1118 3635 vitam
1138 3581 1174 3637 in

208 3666 382 3721 memoriam
398 3664 557 3737 reuocauit,
580 3684 668 3738 quam
683 3665 778 3718 anima
793 3665 927 3739 ipsorum
941 3666 1059 3728 vixerit,
1076 3664 1174 3739 prius·

210 3769 296 3823 quam
320 3748 464 3823 praesenti
481 3750 601 3821 corpori
613 3748 792 3823 alligaretur.
815 3750 864 3803 26·
897 3753 964 3807 Vno
979 3751 1026 3805 die
1043 3748 1174 3807 diuersis

209 3849 238 3887 et
251 3833 414 3887 multorum
430 3833 542 3887 dierum
559 3832 664 3888 itinere
681 3834 716 3889 ab
737 3854 766 3888 se
784 3834 911 3891 inuicem
928 3831 1084 3893 dissitisin
1096 3831 1174 3893 loci!

208 3917 267 3972 fuit
281 3937 313 3972 ac
330 3917 546 3987 dissertationes
562 3917 598 3971 ad
612 3918 708 3973 socios
724 3917 837 3974 habuit.
883 3933 932 3985 27.
954 3935 982 3974 et
1005 3931 1055 3991 29.

160 4000 346 4084 Pythagorae
367 4000 559 4060 miraculosae
580 3994 794 4095 praedictiones
817 4003 1005 4068 futurorum,
1033 4018 1064 4059 et
1081 4002 1175 4080 pesti·
