2656 4672
371 294 1028 384 nnvrrnrrranuoann.
1080 364 1096 379 κ
1166 280 1217 366 53

203 472 405 583 Locrum
444 498 619 574 quarum
648 475 779 580 gratia
806 474 930 552 vicini
960 477 1085 582 longo
1110 497 1214 554 tem·

202 621 304 698 pore
338 596 516 696 ipsarum
549 594 735 672 instituta
776 597 890 698 sequi
930 623 993 703 ae
1018 597 1213 676 aemulari

202 723 438 796 voluerunt.
490 717 696 812 Symichus
717 745 816 794 vero
838 705 1212 820 Centorupinorum

201 860 420 935 tyrannus,
457 835 544 935 ipso
571 839 734 931 audito,
766 841 978 939 imperium
1003 839 1209 942 deposuitt

160 1010 165 1026 .
201 975 383 1060 opesque
408 983 499 1030 suas
524 958 672 1057 partim
698 961 843 1051 sorori,
876 961 1024 1061 partim
1053 960 1209 1045 ciuibus
1278 1009 1282 1016 ·

201 1077 386 1158 donauit.
437 1081 598 1156 Venere
618 1102 755 1154 autem
773 1088 834 1158 *ad
860 1081 1011 1182 ipsum,
1042 1087 1089 1158 v't
1114 1079 1208 1156 Ari·
1302 1113 1305 1117 <

200 1208 393 1278 stoxenu‘s
418 1200 556 1289 refert,
592 1221 633 1273 et
654 1201 836 1296 Lucani,
869 1225 910 1275 et
934 1201 1137 1302 Messapii,
1166 1219 1209 1277 et
1284 1218 1307 1307 ‘A

199 1318 420 1414 Picentini,
462 1341 503 1392 ot
531 1320 725 1394 Romani:
766 1323 1010 1423 sustulitque
1043 1308 1218 1423 penitus,

201 1467 340 1519 omnes
367 1424 602 1534 discordias,
633 1468 721 1516 non
746 1471 772 1517 a
793 1443 900 1517 notis
924 1447 1061 1518 solum·
1079 1463 1120 1516 et
1144 1443 1208 1515 fa·

198 1561 440 1654 miliaribus,
494 1587 717 1662 eorumque
754 1565 922 1664 posteris
957 1571 1012 1640 ad
1048 1563 1207 1663 aliquot
1263 1592 1265 1596 ’

199 1689 356 1774 secula,
398 1687 468 1756 sed
493 1685 545 1756 ab
572 1684 757 1757 omnibus
783 1685 950 1759 omnino
974 1664 1118 1760 ltaliae
1143 1703 1207 1756 at-

139 1833 154 1864 <
198 1833 284 1908 que
306 1803 461 1879 Siciliae
483 1802 732 1903 ciuitatibus,
757 1827 842 1880 tam
858 1805 1065 1880 intestinas
1082 1813 1209 1906 quanl

200 1950 401 2009 externas.
445 1925 595 1999 Crebro
622 1925 728 1998 onim
754 1927 791 1999 ei
816 1927 860 2003 iu
885 1954 955 2002 ore
981 1948 1068 2002 erat
1092 1927 1209 2025 apud
1294 2012 1296 2031 Ι

199 2046 378 2149 quosuis,
403 2045 487 2120 siue
506 2050 643 2147 plures
666 2044 693 2118 ii
712 2045 828 2121 simul
848 2072 978 2122 essent
996 2029 1082 2126 ¹siue
1100 2072 1206 2147 pau-

134 2235 137 2243 .
199 2169 256 2260 ei,
286 2173 367 2241 hoc
394 2171 712 2268 apophthegma:
745 2167 1109 2270 fugandumomni
1135 2162 1230 2240 co?
1304 2212 1306 2218 .

199 2311 325 2382 natu,
352 2309 393 2363 et
410 2285 798 2402 ἰξξξξειξςξιξξξζςξξο,
827 2314 867 2365 et
891 2293 1207 2392 quibuscunque
1235 2313 1242 2325 ·

194 2415 379 2511 denique
396 2407 589 2484 machinis
611 2411 977 2509 praescindendum
992 2441 1018 2489 a
1034 2431 1207 2509 corpore
1308 2423 1310 2427 ’

199 2535 365 2636 quidem
384 2534 587 2624 morbum,
621 2534 673 2604 ab
701 2521 836 2607 anima
860 2533 1149 2636 ignorantiam,
1180 2553 1208 2619 a

198 2656 347 2732 ventre
370 2651 592 2744 luxuriam,
633 2679 658 2727 a
686 2652 852 2728 ciuitate
884 2654 1139 2744 seditionem,
1180 2675 1209 2725 a
1314 2727 1319 2740 ,

197 2774 352 2854 familia
376 2771 632 2866 discordiam,
660 2800 684 2848 a
708 2775 865 2848 cunetis
886 2773 1064 2875 denique
1086 2774 1206 2847 rebus

157 2892 161 2905 ⁴
198 2904 418 2982 excessum.
454 2895 577 2992 Quod
600 2894 629 2968 si
651 2894 725 2970 illis
747 2895 845 2972 fides
866 2895 1109 2985 adhibenda,
1134 2888 1208 2992 qui
1268 2945 1304 2997 3

126 3063 132 3066 „
199 3025 329 3094 deeo
355 3016 563 3118 scripsere,
596 2998 828 3091 auctoribus
848 3042 944 3089 sane
969 3012 1146 3113 antiquis
1165 3029 1207 3085 et
1256 3015 1261 3028 “

198 3138 507 3244 praejudicatae
532 3135 804 3228 auctoritatis,
846 3137 966 3212 etiam
998 3141 1053 3210 ad
1085 3137 1206 3209 bruta

163 3302 167 3306 ·
199 3259 392 3337 anirnalia
419 3276 551 3360 'vsque
578 3277 801 3359 praec-epta
826 3257 1222 3353 admonitionesque‘

192 3383 284 3457 :eius
307 3368 402 3453 ,sese
435 3381 722 3453 extendebant.
783 3382 922 3462 Vrsam
957 3377 1062 3455 enim
1088 3377 1206 3453 Dauv.

198 3498 329 3593 niam,
353 3525 473 3600 ,quae
499 3500 652 3574 incolas
676 3499 850 3573 maximo
877 3505 1040 3575 damno·
1055 3491 1206 3570 afficie-

199 3628 290 3715 bat,
317 3606 686 3720 comprehensam,
727 3642 767 3695 et
796 3620 867 3694 diu
888 3617 1205 3702 contrectatam,

199 3744 318 3852 panis
353 3766 522 3851 quoque
556 3741 690 3816 offulis
730 3764 770 3816 et
802 3743 930 3842 pomis
963 3739 1206 3840 quibusdam

286 3920 327 3975 tia
351 3899 386 3973 ex
408 3919 549 3977 Vaticano
573 3917 679 3976 codice
704 3918 852 3994 suppleuit
887 3938 970 3993 ,quae
999 3913 1121 3974 totidem
1142 3925 1208 3963 ver·

286 4007 333 4063 bis
358 4002 536 4064 lamblichus
560 4002 749 4079 transcripsit,
864 4007 867 4012 '
1020 4012 1025 4021 ·
