<?xml version="1.0" encoding="UTF-8"?>
<!DOCTYPE html PUBLIC "-//W3C//DTD XHTML 1.0 Transitional//EN"
    "http://www.w3.org/TR/xhtml1/DTD/xhtml1-transitional.dtd">
<html xmlns="http://www.w3.org/1999/xhtml" xml:lang="en" lang="en">
 <head>
  <title>
</title>
<meta http-equiv="Content-Type" content="text/html;charset=utf-8" />
  <meta name='ocr-system' content='tesseract 3.04.00' />
  <meta name='ocr-capabilities' content='ocr_page ocr_carea ocr_par ocr_line ocrx_word'/>
</head>
<body>
  <div class='ocr_page' id='page_1' title='image "./iamblichichalci00kegoog_0088.png"; bbox 0 0 2656 4672; ppageno 0'>
   <div class='ocr_carea' id='block_1_1' title="bbox 275 272 1137 399">
    <p class='ocr_par' dir='ltr' id='par_1_1' title="bbox 275 272 1137 399">
     <span class='ocr_line' id='line_1_1' title="bbox 275 272 1137 399; baseline -0.009 -19"><span class='ocrx_word' id='word_1_1' title='bbox 275 272 927 394; x_wconf 30' lang='lat' dir='ltr'><strong>navtrairrrnaconattss</strong></span> <span class='ocrx_word' id='word_1_2' title='bbox 973 297 1000 393; x_wconf 59' lang='lat' dir='ltr'><em>J</em></span> <span class='ocrx_word' id='word_1_3' title='bbox 1061 290 1137 399; x_wconf 77' lang='lat'><strong>69‘</strong></span> 
     </span>
    </p>
   </div>
   <div class='ocr_carea' id='block_1_2' title="bbox 18 463 1178 4108">
    <p class='ocr_par' dir='ltr' id='par_1_2' title="bbox 18 463 1178 4108">
     <span class='ocr_line' id='line_1_2' title="bbox 101 463 1112 592; baseline 0.001 -28"><span class='ocrx_word' id='word_1_4' title='bbox 101 490 358 592; x_wconf 80' lang='lat' dir='ltr'><strong>profusione,</strong></span> <span class='ocrx_word' id='word_1_5' title='bbox 395 499 465 567; x_wconf 89' lang='lat' dir='ltr'><strong>sed</strong></span> <span class='ocrx_word' id='word_1_6' title='bbox 496 495 623 589; x_wconf 87' lang='lat' dir='ltr'><strong>farre,</strong></span> <span class='ocrx_word' id='word_1_7' title='bbox 663 514 704 568; x_wconf 89' lang='lat' dir='ltr'><strong>et</strong></span> <span class='ocrx_word' id='word_1_8' title='bbox 727 493 831 589; x_wconf 86' lang='lat' dir='ltr'><strong>libo,</strong></span> <span class='ocrx_word' id='word_1_9' title='bbox 871 490 967 565; x_wconf 88' lang='lat' dir='ltr'><strong>item</strong></span> <span class='ocrx_word' id='word_1_10' title='bbox 992 463 1112 565; x_wconf 81' lang='lat' dir='ltr'><strong>thure</strong></span> 
     </span>
     <span class='ocr_line' id='line_1_3' title="bbox 98 606 1112 716; baseline 0.001 -30"><span class='ocrx_word' id='word_1_11' title='bbox 98 635 229 712; x_wconf 84' lang='lat' dir='ltr'><strong>atque</strong></span> <span class='ocrx_word' id='word_1_12' title='bbox 262 617 424 709; x_wconf 87' lang='lat' dir='ltr'><strong>myrrha</strong></span> <span class='ocrx_word' id='word_1_13' title='bbox 455 618 550 689; x_wconf 89' lang='lat' dir='ltr'><strong>deos</strong></span> <span class='ocrx_word' id='word_1_14' title='bbox 584 617 798 716; x_wconf 86' lang='lat' dir='ltr'><strong>placabat,</strong></span> <span class='ocrx_word' id='word_1_15' title='bbox 827 606 1112 713; x_wconf 74' lang='lat' dir='ltr'><strong>&#39;nequaquam</strong></span> 
     </span>
     <span class='ocr_line' id='line_1_4' title="bbox 100 712 1147 840; baseline -0.006 -29"><span class='ocrx_word' id='word_1_16' title='bbox 100 740 200 825; x_wconf 80' lang='lat' dir='ltr'><strong>vero</strong></span> <span class='ocrx_word' id='word_1_17' title='bbox 227 732 483 807; x_wconf 82' lang='lat' dir='ltr'><strong>animalibus:</strong></span> <span class='ocrx_word' id='word_1_18' title='bbox 511 733 587 810; x_wconf 88' lang='lat' dir='ltr'><strong>nisi</strong></span> <span class='ocrx_word' id='word_1_19' title='bbox 605 741 710 812; x_wconf 90' lang='lat' dir='ltr'><strong>forte</strong></span> <span class='ocrx_word' id='word_1_20' title='bbox 729 737 843 840; x_wconf 79' lang='lat' dir='ltr'><strong>gallis</strong></span> <span class='ocrx_word' id='word_1_21' title='bbox 865 731 1109 838; x_wconf 80' lang='lat' dir='ltr'><strong>gallinaceis,</strong></span> <span class='ocrx_word' id='word_1_22' title='bbox 1144 712 1147 718; x_wconf 37' lang='lat'>¹</span> 
     </span>
     <span class='ocr_line' id='line_1_5' title="bbox 102 853 1109 959; baseline -0.003 -29"><span class='ocrx_word' id='word_1_23' title='bbox 102 878 143 945; x_wconf 80' lang='lat' dir='ltr'><strong>et</strong></span> <span class='ocrx_word' id='word_1_24' title='bbox 176 853 361 955; x_wconf 79' lang='lat' dir='ltr'><strong>porcellis</strong></span> <span class='ocrx_word' id='word_1_25' title='bbox 392 858 604 933; x_wconf 89' lang='lat' dir='ltr'><strong>tenellulis.</strong></span> <span class='ocrx_word' id='word_1_26' title='bbox 667 859 778 959; x_wconf 83' lang='lat' dir='ltr'><strong>Quin</strong></span> <span class='ocrx_word' id='word_1_27' title='bbox 810 880 852 931; x_wconf 92' lang='lat' dir='ltr'><strong>et</strong></span> <span class='ocrx_word' id='word_1_28' title='bbox 882 861 1030 929; x_wconf 90' lang='lat' dir='ltr'><strong>bouem</strong></span> <span class='ocrx_word' id='word_1_29' title='bbox 1056 878 1109 959; x_wconf 79' lang='lat' dir='ltr'><strong>ex</strong></span> 
     </span>
     <span class='ocr_line' id='line_1_6' title="bbox 98 975 1110 1069; baseline -0.006 -17"><span class='ocrx_word' id='word_1_30' title='bbox 98 975 233 1052; x_wconf 82' lang='lat' dir='ltr'><strong>farina</strong></span> <span class='ocrx_word' id='word_1_31' title='bbox 255 978 502 1069; x_wconf 88' lang='lat' dir='ltr'><strong>confectum,</strong></span> <span class='ocrx_word' id='word_1_32' title='bbox 529 1001 576 1055; x_wconf 89' lang='lat' dir='ltr'><strong>vt</strong></span> <span class='ocrx_word' id='word_1_33' title='bbox 600 979 870 1055; x_wconf 83' lang='lat' dir='ltr'><strong>accuratiores</strong></span> <span class='ocrx_word' id='word_1_34' title='bbox 892 975 1110 1067; x_wconf 85' lang='lat' dir='ltr'><strong>affirmant,</strong></span> 
     </span>
     <span class='ocr_line' id='line_1_7' title="bbox 99 1090 1110 1211; baseline -0.003 -40"><span class='ocrx_word' id='word_1_35' title='bbox 99 1095 341 1205; x_wconf 82' lang='lat' dir='ltr'><strong>immolauit:</strong></span> <span class='ocrx_word' id='word_1_36' title='bbox 370 1121 462 1170; x_wconf 91' lang='lat' dir='ltr'><strong>cum</strong></span> <span class='ocrx_word' id='word_1_37' title='bbox 489 1101 716 1211; x_wconf 80' lang='lat' dir='ltr'><strong>reperisset,</strong></span> <span class='ocrx_word' id='word_1_38' title='bbox 742 1103 848 1173; x_wconf 89' lang='lat' dir='ltr'><strong>latus</strong></span> <span class='ocrx_word' id='word_1_39' title='bbox 874 1090 1110 1172; x_wconf 85' lang='lat' dir='ltr'><strong>subtensum</strong></span> 
     </span>
     <span class='ocr_line' id='line_1_8' title="bbox 98 1215 1108 1322; baseline -0.009 -27"><span class='ocrx_word' id='word_1_40' title='bbox 98 1215 292 1321; x_wconf 67' lang='lat' dir='ltr'><strong>trianguli</strong></span> <span class='ocrx_word' id='word_1_41' title='bbox 325 1221 553 1322; x_wconf 79' lang='lat' dir='ltr'><strong>rectanguli</strong></span> <span class='ocrx_word' id='word_1_42' title='bbox 587 1220 777 1294; x_wconf 89' lang='lat' dir='ltr'><strong>lateribus</strong></span> <span class='ocrx_word' id='word_1_43' title='bbox 804 1215 1108 1301; x_wconf 86' lang='lat' dir='ltr'><strong>continentibus</strong></span> 
     </span>
     <span class='ocr_line' id='line_1_9' title="bbox 22 1338 1109 1443; baseline -0.004 -31"><span class='ocrx_word' id='word_1_44' title='bbox 22 1411 26 1421; x_wconf 83' lang='grc'><strong>,</strong></span> <span class='ocrx_word' id='word_1_45' title='bbox 100 1338 373 1443; x_wconf 88' lang='lat' dir='ltr'><strong>aequiualere.</strong></span> <span class='ocrx_word' id='word_1_46' title='bbox 440 1341 726 1441; x_wconf 83' lang='lat' dir='ltr'><strong>Quaecunque</strong></span> <span class='ocrx_word' id='word_1_47' title='bbox 758 1344 872 1441; x_wconf 92' lang='lat' dir='ltr'><strong>apud</strong></span> <span class='ocrx_word' id='word_1_48' title='bbox 904 1338 1109 1412; x_wconf 88' lang='lat' dir='ltr'><strong>auditores</strong></span> 
     </span>
     <span class='ocr_line' id='line_1_10' title="bbox 87 1442 1130 1562; baseline -0.004 -30"><span class='ocrx_word' id='word_1_49' title='bbox 87 1459 327 1551; x_wconf 84' lang='lat' dir='ltr'><strong>disserebat,</strong></span> <span class='ocrx_word' id='word_1_50' title='bbox 354 1481 426 1532; x_wconf 90' lang='lat' dir='ltr'><strong>aut</strong></span> <span class='ocrx_word' id='word_1_51' title='bbox 443 1462 659 1561; x_wconf 88' lang='lat' dir='ltr'><strong>perspicua</strong></span> <span class='ocrx_word' id='word_1_52' title='bbox 674 1484 715 1535; x_wconf 88' lang='lat' dir='ltr'><strong>et</strong></span> <span class='ocrx_word' id='word_1_53' title='bbox 730 1460 894 1562; x_wconf 88' lang='lat' dir='ltr'><strong>copiosa</strong></span> <span class='ocrx_word' id='word_1_54' title='bbox 909 1457 1108 1559; x_wconf 87' lang='lat' dir='ltr'><strong>oratione,</strong></span> <span class='ocrx_word' id='word_1_55' title='bbox 1128 1442 1130 1449; x_wconf 49' lang='grc'><em>’</em></span> 
     </span>
     <span class='ocr_line' id='line_1_11' title="bbox 54 1581 1108 1686; baseline -0.006 -31"><span class='ocrx_word' id='word_1_56' title='bbox 54 1608 59 1615; x_wconf 94' lang='grc'><strong><em>·</em></strong></span> <span class='ocrx_word' id='word_1_57' title='bbox 98 1602 173 1658; x_wconf 89' lang='lat' dir='ltr'><strong>aut</strong></span> <span class='ocrx_word' id='word_1_58' title='bbox 206 1584 376 1653; x_wconf 85' lang='lat' dir='ltr'><strong>obscure</strong></span> <span class='ocrx_word' id='word_1_59' title='bbox 411 1605 451 1655; x_wconf 89' lang='lat' dir='ltr'><strong>et</strong></span> <span class='ocrx_word' id='word_1_60' title='bbox 482 1608 557 1683; x_wconf 89' lang='lat' dir='ltr'><strong>per</strong></span> <span class='ocrx_word' id='word_1_61' title='bbox 590 1582 864 1686; x_wconf 84' lang='lat' dir='ltr'><strong>aenigmatum</strong></span> <span class='ocrx_word' id='word_1_62' title='bbox 889 1581 1108 1685; x_wconf 86' lang='lat' dir='ltr'><strong>inuolucra</strong></span> 
     </span>
     <span class='ocr_line' id='line_1_12' title="bbox 95 1694 1107 1807; baseline -0.006 -31"><span class='ocrx_word' id='word_1_63' title='bbox 95 1701 386 1807; x_wconf 86' lang='lat' dir='ltr'><strong>praecipiebat.</strong></span> <span class='ocrx_word' id='word_1_64' title='bbox 458 1707 629 1803; x_wconf 82' lang='lat' dir='ltr'><strong>Duplex</strong></span> <span class='ocrx_word' id='word_1_65' title='bbox 670 1703 776 1777; x_wconf 90' lang='lat' dir='ltr'><strong>enim</strong></span> <span class='ocrx_word' id='word_1_66' title='bbox 824 1702 882 1780; x_wconf 89' lang='lat' dir='ltr'><strong>illi</strong></span> <span class='ocrx_word' id='word_1_67' title='bbox 929 1694 1107 1794; x_wconf 75' lang='lat' dir='ltr'><strong>docendi</strong></span> 
     </span>
     <span class='ocr_line' id='line_1_13' title="bbox 95 1824 1105 1926; baseline -0.005 -29"><span class='ocrx_word' id='word_1_68' title='bbox 95 1829 241 1923; x_wconf 77' lang='lat' dir='ltr'><strong>modus</strong></span> <span class='ocrx_word' id='word_1_69' title='bbox 260 1844 366 1899; x_wconf 86' lang='lat' dir='ltr'><strong>erat:</strong></span> <span class='ocrx_word' id='word_1_70' title='bbox 393 1845 521 1925; x_wconf 88' lang='lat' dir='ltr'><strong>atquc</strong></span> <span class='ocrx_word' id='word_1_71' title='bbox 546 1852 598 1900; x_wconf 88' lang='lat' dir='ltr'><strong>ex</strong></span> <span class='ocrx_word' id='word_1_72' title='bbox 625 1824 831 1926; x_wconf 89' lang='lat' dir='ltr'><strong>discipulis</strong></span> <span class='ocrx_word' id='word_1_73' title='bbox 856 1824 925 1898; x_wconf 87' lang='lat' dir='ltr'><strong>alii</strong></span> <span class='ocrx_word' id='word_1_74' title='bbox 949 1825 1105 1905; x_wconf 83' lang='lat' dir='ltr'><strong>mathe-</strong></span> 
     </span>
     <span class='ocr_line' id='line_1_14' title="bbox 95 1945 1106 2045; baseline -0.01 -20"><span class='ocrx_word' id='word_1_75' title='bbox 95 1946 251 2037; x_wconf 77' lang='lat' dir='ltr'><strong>marici,</strong></span> <span class='ocrx_word' id='word_1_76' title='bbox 291 1945 358 2019; x_wconf 88' lang='lat' dir='ltr'><strong>alii</strong></span> <span class='ocrx_word' id='word_1_77' title='bbox 385 1971 484 2025; x_wconf 83' lang='lat' dir='ltr'><strong>vero</strong></span> <span class='ocrx_word' id='word_1_78' title='bbox 511 1949 806 2045; x_wconf 83' lang='lat' dir='ltr'><strong>auscultatores</strong></span> <span class='ocrx_word' id='word_1_79' title='bbox 833 1945 1106 2024; x_wconf 82' lang='lat' dir='ltr'><strong>vocabantur.</strong></span> 
     </span>
     <span class='ocr_line' id='line_1_15' title="bbox 94 2048 1106 2200; baseline -0.019 -50"><span class='ocrx_word' id='word_1_80' title='bbox 94 2048 373 2149; x_wconf 81' lang='lat' dir='ltr'><strong>Mathematici</strong></span> <span class='ocrx_word' id='word_1_81' title='bbox 386 2068 590 2171; x_wconf 83' lang='lat' dir='ltr'><strong>quidem,</strong></span> <span class='ocrx_word' id='word_1_82' title='bbox 639 2089 848 2200; x_wconf 87' lang='lat' dir='ltr'><strong>quotquot</strong></span> <span class='ocrx_word' id='word_1_83' title='bbox 869 2062 1106 2193; x_wconf 85' lang='lat' dir='ltr'><strong>pleniorem</strong></span> 
     </span>
     <span class='ocr_line' id='line_1_16' title="bbox 95 2162 1105 2295; baseline -0.016 -28"><span class='ocrx_word' id='word_1_84' title='bbox 95 2211 222 2295; x_wconf 82' lang='lat' dir='ltr'><strong>atquc</strong></span> <span class='ocrx_word' id='word_1_85' title='bbox 256 2162 505 2267; x_wconf 75' lang='lat' dir='ltr'><strong>elaboratam</strong></span> <span class='ocrx_word' id='word_1_86' title='bbox 530 2187 721 2262; x_wconf 86' lang='lat' dir='ltr'><strong>scientiae</strong></span> <span class='ocrx_word' id='word_1_87' title='bbox 739 2188 946 2295; x_wconf 85' lang='lat' dir='ltr'><strong>rationem</strong></span> <span class='ocrx_word' id='word_1_88' title='bbox 960 2179 1105 2287; x_wconf 88' lang='lat' dir='ltr'><strong>peroi-</strong></span> 
     </span>
     <span class='ocr_line' id='line_1_17' title="bbox 94 2294 1105 2413; baseline -0.007 -31"><span class='ocrx_word' id='word_1_89' title='bbox 94 2308 275 2413; x_wconf 76' lang='lat' dir='ltr'><strong>piabant</strong></span> <span class='ocrx_word' id='word_1_90' title='bbox 341 2294 648 2388; x_wconf 85' lang='lat' dir='ltr'><strong>Auscultatores</strong></span> <span class='ocrx_word' id='word_1_91' title='bbox 681 2335 802 2404; x_wconf 86' lang='lat' dir='ltr'><strong>vero,</strong></span> <span class='ocrx_word' id='word_1_92' title='bbox 843 2308 916 2409; x_wconf 90' lang='lat' dir='ltr'><strong>qui</strong></span> <span class='ocrx_word' id='word_1_93' title='bbox 950 2296 1105 2380; x_wconf 80' lang='lat' dir='ltr'><strong>summa</strong></span> 
     </span>
     <span class='ocr_line' id='line_1_18' title="bbox 93 2412 1140 2551; baseline -0.013 -42"><span class='ocrx_word' id='word_1_94' title='bbox 93 2434 256 2521; x_wconf 80' lang='lat' dir='ltr'><strong>tantum</strong></span> <span class='ocrx_word' id='word_1_95' title='bbox 282 2429 419 2549; x_wconf 85' lang='lat' dir='ltr'><strong>capita</strong></span> <span class='ocrx_word' id='word_1_96' title='bbox 444 2453 750 2551; x_wconf 85' lang='lat' dir='ltr'><strong>praeceptaque</strong></span> <span class='ocrx_word' id='word_1_97' title='bbox 776 2430 983 2509; x_wconf 89' lang='lat' dir='ltr'><strong>literarum</strong></span> <span class='ocrx_word' id='word_1_98' title='bbox 1016 2412 1140 2499; x_wconf 74' lang='lat' dir='ltr'><strong>sine‘</strong></span> 
     </span>
     <span class='ocr_line' id='line_1_19' title="bbox 94 2532 1103 2632; baseline -0.012 -4"><span class='ocrx_word' id='word_1_99' title='bbox 94 2549 349 2629; x_wconf 83' lang='lat' dir='ltr'><strong>accuratiori</strong></span> <span class='ocrx_word' id='word_1_100' title='bbox 356 2555 620 2632; x_wconf 85' lang='lat' dir='ltr'><strong>enarratione</strong></span> <span class='ocrx_word' id='word_1_101' title='bbox 647 2532 879 2627; x_wconf 87' lang='lat' dir='ltr'><strong>audiebant</strong></span> <span class='ocrx_word' id='word_1_102' title='bbox 942 2543 1103 2623; x_wconf 87' lang='lat' dir='ltr'><strong>Praeci-</strong></span> 
     </span>
     <span class='ocr_line' id='line_1_20' title="bbox 93 2658 1162 2783; baseline -0.008 -36"><span class='ocrx_word' id='word_1_103' title='bbox 93 2658 234 2783; x_wconf 82' lang='lat' dir='ltr'><strong>plebat</strong></span> <span class='ocrx_word' id='word_1_104' title='bbox 261 2692 417 2764; x_wconf 84' lang='lat' dir='ltr'><strong>autem,</strong></span> <span class='ocrx_word' id='word_1_105' title='bbox 460 2676 512 2746; x_wconf 89' lang='lat' dir='ltr'><strong>de</strong></span> <span class='ocrx_word' id='word_1_106' title='bbox 538 2679 707 2753; x_wconf 89' lang='lat' dir='ltr'><strong>deorum</strong></span> <span class='ocrx_word' id='word_1_107' title='bbox 740 2674 906 2774; x_wconf 91' lang='lat' dir='ltr'><strong>quidem</strong></span> <span class='ocrx_word' id='word_1_108' title='bbox 937 2674 1102 2743; x_wconf 64' lang='lat' dir='ltr'><strong>daemoa</strong></span> <span class='ocrx_word' id='word_1_109' title='bbox 1159 2722 1162 2731; x_wconf 85' lang='grc'><strong>.</strong></span> 
     </span>
     <span class='ocr_line' id='line_1_21' title="bbox 86 2786 1126 2898; baseline -0.013 -27"><span class='ocrx_word' id='word_1_110' title='bbox 86 2804 278 2894; x_wconf 67' lang='lat' dir='ltr'><strong>⁸numque</strong></span> <span class='ocrx_word' id='word_1_111' title='bbox 309 2798 436 2894; x_wconf 90' lang='lat' dir='ltr'><strong>atque</strong></span> <span class='ocrx_word' id='word_1_112' title='bbox 461 2799 629 2869; x_wconf 89' lang='lat' dir='ltr'><strong>heroum</strong></span> <span class='ocrx_word' id='word_1_113' title='bbox 655 2790 804 2898; x_wconf 81' lang='lat' dir='ltr'><strong>genere</strong></span> <span class='ocrx_word' id='word_1_114' title='bbox 829 2816 983 2872; x_wconf 84' lang='lat' dir='ltr'><strong>summa</strong></span> <span class='ocrx_word' id='word_1_115' title='bbox 1008 2786 1126 2862; x_wconf 85' lang='lat' dir='ltr'><strong>cum¹</strong></span> 
     </span>
     <span class='ocr_line' id='line_1_22' title="bbox 91 2912 1102 3022; baseline -0.013 -29"><span class='ocrx_word' id='word_1_116' title='bbox 91 2913 322 2996; x_wconf 84' lang='lat' dir='ltr'><strong>reuerentia</strong></span> <span class='ocrx_word' id='word_1_117' title='bbox 346 2919 618 3021; x_wconf 80' lang='lat' dir='ltr'><strong>loquendum,</strong></span> <span class='ocrx_word' id='word_1_118' title='bbox 643 2927 685 2992; x_wconf 84' lang='lat' dir='ltr'><strong>et</strong></span> <span class='ocrx_word' id='word_1_119' title='bbox 700 2942 825 3022; x_wconf 87' lang='lat' dir='ltr'><strong>quam</strong></span> <span class='ocrx_word' id='word_1_120' title='bbox 840 2912 992 3019; x_wconf 84' lang='lat' dir='ltr'><strong>optime</strong></span> <span class='ocrx_word' id='word_1_121' title='bbox 1011 2933 1102 2983; x_wconf 91' lang='lat' dir='ltr'><strong>sen·</strong></span> 
     </span>
     <span class='ocr_line' id='line_1_23' title="bbox 18 3030 1103 3138; baseline -0.006 -22"><span class='ocrx_word' id='word_1_122' title='bbox 18 3056 26 3065; x_wconf 84' lang='lat'>&#39;</span> <span class='ocrx_word' id='word_1_123' title='bbox 92 3040 289 3135; x_wconf 81' lang='lat' dir='ltr'><strong>tiendum.</strong></span> <span class='ocrx_word' id='word_1_124' title='bbox 346 3039 589 3113; x_wconf 87' lang='lat' dir='ltr'><strong>Parentibus</strong></span> <span class='ocrx_word' id='word_1_125' title='bbox 624 3060 750 3138; x_wconf 90' lang='lat' dir='ltr'><strong>atque</strong></span> <span class='ocrx_word' id='word_1_126' title='bbox 777 3030 1103 3114; x_wconf 67' lang='lat' dir='ltr'><strong>benefactoribus</strong></span> 
     </span>
     <span class='ocr_line' id='line_1_24' title="bbox 91 3157 1101 3260; baseline -0.01 -23"><span class='ocrx_word' id='word_1_127' title='bbox 91 3158 425 3239; x_wconf 86' lang='lat' dir='ltr'><strong>beneuolentiam</strong></span> <span class='ocrx_word' id='word_1_128' title='bbox 452 3158 739 3238; x_wconf 77' lang='lat' dir='ltr'><strong>exhibendam:</strong></span> <span class='ocrx_word' id='word_1_129' title='bbox 764 3157 918 3260; x_wconf 85' lang='lat' dir='ltr'><strong>legibus</strong></span> <span class='ocrx_word' id='word_1_130' title='bbox 945 3157 1101 3229; x_wconf 86' lang='lat' dir='ltr'><strong>obtem·</strong></span> 
     </span>
     <span class='ocr_line' id='line_1_25' title="bbox 90 3279 1134 3387; baseline -0.007 -32"><span class='ocrx_word' id='word_1_131' title='bbox 90 3287 342 3382; x_wconf 77' lang='lat' dir='ltr'><strong>perandum-2</strong></span> <span class='ocrx_word' id='word_1_132' title='bbox 370 3287 465 3387; x_wconf 76' lang='lat' dir='ltr'><strong>deos</strong></span> <span class='ocrx_word' id='word_1_133' title='bbox 489 3279 619 3362; x_wconf 81' lang='lat' dir='ltr'><strong>obiter</strong></span> <span class='ocrx_word' id='word_1_134' title='bbox 640 3307 727 3359; x_wconf 87' lang='lat' dir='ltr'><strong>non</strong></span> <span class='ocrx_word' id='word_1_135' title='bbox 744 3283 993 3372; x_wconf 82' lang='lat' dir='ltr'><strong>adorandos,</strong></span> <span class='ocrx_word' id='word_1_136' title='bbox 1021 3292 1101 3367; x_wconf 64' lang='lat' dir='ltr'><strong>nec</strong></span> <span class='ocrx_word' id='word_1_137' title='bbox 1130 3358 1134 3373; x_wconf 25' lang='lat'>³</span> 
     </span>
     <span class='ocr_line' id='line_1_26' title="bbox 93 3387 1101 3506; baseline -0.007 -28"><span class='ocrx_word' id='word_1_138' title='bbox 93 3402 172 3500; x_wconf 80' lang='lat' dir='ltr'><strong>nisi</strong></span> <span class='ocrx_word' id='word_1_139' title='bbox 197 3408 318 3475; x_wconf 90' lang='lat' dir='ltr'><strong>domo</strong></span> <span class='ocrx_word' id='word_1_140' title='bbox 347 3428 395 3481; x_wconf 90' lang='lat' dir='ltr'><strong>eo</strong></span> <span class='ocrx_word' id='word_1_141' title='bbox 420 3402 555 3477; x_wconf 89' lang='lat' dir='ltr'><strong>animo</strong></span> <span class='ocrx_word' id='word_1_142' title='bbox 583 3429 758 3506; x_wconf 86' lang='lat' dir='ltr'><strong>egressus</strong></span> <span class='ocrx_word' id='word_1_143' title='bbox 785 3406 966 3479; x_wconf 84' lang='lat' dir='ltr'><strong>accedas.</strong></span> <span class='ocrx_word' id='word_1_144' title='bbox 1012 3387 1101 3472; x_wconf 77' lang='lat' dir='ltr'><strong>Diis</strong></span> 
     </span>
     <span class='ocr_line' id='line_1_27' title="bbox 96 3512 1102 3627; baseline -0.007 -28"><span class='ocrx_word' id='word_1_145' title='bbox 96 3520 337 3627; x_wconf 87' lang='lat' dir='ltr'><strong>coelestibus</strong></span> <span class='ocrx_word' id='word_1_146' title='bbox 359 3516 544 3627; x_wconf 85' lang='lat' dir='ltr'><strong>imparia,</strong></span> <span class='ocrx_word' id='word_1_147' title='bbox 569 3524 818 3603; x_wconf 86' lang='lat' dir='ltr'><strong>terrestribus</strong></span> <span class='ocrx_word' id='word_1_148' title='bbox 834 3545 969 3600; x_wconf 87' lang='lat' dir='ltr'><strong>autem</strong></span> <span class='ocrx_word' id='word_1_149' title='bbox 985 3512 1102 3627; x_wconf 74' lang='lat' dir='ltr'><strong>paria</strong></span> 
     </span>
     <span class='ocr_line' id='line_1_28' title="bbox 93 3622 1178 3746; baseline -0.007 -26"><span class='ocrx_word' id='word_1_150' title='bbox 93 3642 371 3721; x_wconf 87' lang='lat' dir='ltr'><strong>sacrificanda.</strong></span> <span class='ocrx_word' id='word_1_151' title='bbox 423 3643 715 3746; x_wconf 73' lang='lat' dir='ltr'><strong>oppositarum</strong></span> <span class='ocrx_word' id='word_1_152' title='bbox 753 3644 859 3722; x_wconf 87' lang='lat' dir='ltr'><strong>enim</strong></span> <span class='ocrx_word' id='word_1_153' title='bbox 893 3635 1101 3746; x_wconf 89' lang='lat' dir='ltr'><strong>potentia·</strong></span> <span class='ocrx_word' id='word_1_154' title='bbox 1166 3622 1178 3667; x_wconf 35' lang='lat'><strong>&#39;¹</strong></span> 
     </span>
     <span class='ocr_line' id='line_1_29' title="bbox 20 3744 1099 3865; baseline -0.005 -24"><span class='ocrx_word' id='word_1_155' title='bbox 20 3757 46 3835; x_wconf 53' lang='lat' dir='ltr'>ſs</span> <span class='ocrx_word' id='word_1_156' title='bbox 90 3766 186 3841; x_wconf 72' lang='lat' dir='ltr'><strong>&#39;rum</strong></span> <span class='ocrx_word' id='word_1_157' title='bbox 221 3768 389 3842; x_wconf 89' lang='lat' dir='ltr'><strong>alteram</strong></span> <span class='ocrx_word' id='word_1_158' title='bbox 423 3766 586 3865; x_wconf 82' lang='lat' dir='ltr'><strong>quidem</strong></span> <span class='ocrx_word' id='word_1_159' title='bbox 619 3767 843 3858; x_wconf 80' lang='lat' dir='ltr'><strong>meliorem,</strong></span> <span class='ocrx_word' id='word_1_160' title='bbox 876 3744 1099 3852; x_wconf 59' lang='lat' dir='ltr'><strong>xcultatem,</strong></span> 
     </span>
     <span class='ocr_line' id='line_1_30' title="bbox 91 3886 1102 3992; baseline -0.006 -32"><span class='ocrx_word' id='word_1_161' title='bbox 91 3888 238 3980; x_wconf 86' lang='lat' dir='ltr'><strong>lucem,</strong></span> <span class='ocrx_word' id='word_1_162' title='bbox 264 3891 486 3978; x_wconf 81' lang='lat' dir='ltr'><strong>dexterum,</strong></span> <span class='ocrx_word' id='word_1_163' title='bbox 511 3890 695 3991; x_wconf 79' lang='lat' dir='ltr'><strong>aequale,</strong></span> <span class='ocrx_word' id='word_1_164' title='bbox 720 3886 871 3981; x_wconf 82' lang='lat' dir='ltr'><strong>stabile,</strong></span> <span class='ocrx_word' id='word_1_165' title='bbox 889 3904 1102 3992; x_wconf 74' lang='lat' dir='ltr'><strong>otrentum</strong></span> 
     </span>
     <span class='ocr_line' id='line_1_31' title="bbox 94 4008 1102 4108; baseline -0.003 -28"><span class='ocrx_word' id='word_1_166' title='bbox 94 4008 343 4108; x_wconf 89' lang='lat' dir='ltr'><strong>appellabat;</strong></span> <span class='ocrx_word' id='word_1_167' title='bbox 363 4009 601 4086; x_wconf 87' lang='lat' dir='ltr'><strong>deteriorem</strong></span> <span class='ocrx_word' id='word_1_168' title='bbox 617 4030 729 4105; x_wconf 87' lang='lat' dir='ltr'><strong>vero,</strong></span> <span class='ocrx_word' id='word_1_169' title='bbox 749 4008 960 4101; x_wconf 88' lang='lat' dir='ltr'><strong>binarium,</strong></span> <span class='ocrx_word' id='word_1_170' title='bbox 987 4027 1102 4080; x_wconf 87' lang='lat' dir='ltr'><strong>tene·</strong></span> 
     </span>
    </p>
   </div>
   <div class='ocr_carea' id='block_1_3' title="bbox 0 0 1332 4672">
    <p class='ocr_par' dir='ltr' id='par_1_3' title="bbox 0 0 1332 4672">
     <span class='ocr_line' id='line_1_32' title="bbox 0 0 1332 4672; baseline 0 2"><span class='ocrx_word' id='word_1_171' title='bbox 0 0 1332 4672; x_wconf 95' lang='lat' dir='ltr'><strong> </strong></span> 
     </span>
    </p>
   </div>
  </div>
 </body>
</html>
