2656 4672
266 323 332 406 ιιΕ
362 340 500 406 vira
529 341 917 400 rrrnnconnu.
1022 316 1106 426 '17'

89 519 174 611 -ait,
209 519 484 615 Pythagoram
512 510 808 614 Aegyptiorum
842 512 1108 588 Sacerdotum'

95 637 282 712 instituta
310 654 609 732 suscepturum,
654 657 745 704 cum
770 631 879 703 omni
902 621 1035 708 studio
1063 637 1107 708 id

96 742 238 863 ageret
266 755 338 859 qui
355 770 510 861 ‘eorum
541 753 744 854 particeps
773 751 906 849 fieret,
948 777 1111 860 rogasse·

184 996 351 1073 gregationi
373 995 495 1050 fratrum
517 994 719 1073 commisceri,
758 997 807 1050 sed
830 995 965 1072 deputari
985 997 1107 1060 seniori,
1183 1036 1189 1047 .

186 1083 240 1157 qui
260 1079 341 1136 haud
368 1081 457 1152 longe
480 1099 494 1132 a
516 1077 666 1134 vestibulo
695 1082 866 1151 monasterii
893 1100 990 1134 curam
1018 1081 1107 1139 habet

185 1166 410 1244 peregrinorum
431 1181 460 1218 et
482 1163 711 1218 aduenientium.
766 1161 885 1239 Cumque
906 1165 1026 1227 ibidem,
1062 1167 1107 1221 in·

107 1274 113 1281 ·
151 1302 157 1313 ,
187 1252 267 1327 quit,
298 1253 406 1323 integro
429 1267 502 1302 anno
527 1248 681 1301 deseruicns
701 1248 803 1322 absque
819 1249 1010 1323 ulloquerela
1028 1262 1111 1305 suum'

162 1404 165 1416 ι
187 1356 255 1408 erga
277 1337 438 1409 peregrinos
461 1331 615 1386 exhibuerit
632 1329 819 1402 famulatum.
857 1334 1048 1389 admiscendus
1072 1356 1106 1390 ex

188 1421 240 1474 hoc
261 1419 473 1491 congregationi
487 1415 612 1488 fratrum
636 1415 687 1470 alii
710 1418 828 1471 traditur
855 1421 972 1478 seniori,
998 1422 1045 1492 qui
1060 1421 1107 1474 rie·

188 1525 245 1558 cem
260 1503 411 1557 iunioribus
423 1513 539 1574 praeest.
584 1503 637 1554 Hic
652 1500 695 1554 illi
709 1521 814 1575 semper
836 1505 970 1574 imperare
991 1504 1107 1568 curabit,

187 1606 222 1644 vt
246 1588 285 1641 ait
311 1607 372 1661 cap.
397 1596 425 1654 3.
456 1605 527 1660 quae
548 1588 661 1639 senserit
684 1588 776 1640 animo
802 1590 859 1641 cius
880 1607 935 1641 esse
958 1593 1106 1646 contraria.
1138 1592 1156 1647 ἰ,

189 1672 269 1744 Quin
291 1671 375 1746 plura
398 1671 485 1724 etiam
508 1667 668 1743 superflua,
690 1671 846 1743 minusque
862 1666 1035 1747 neccssaria,
1059 1673 1109 1727 vel

186 1754 383 1830 impossibilia
404 1752 586 1826 frequentius
606 1752 861 1827 iniungebantur:
887 1743 978 1811 Cuius
1000 1758 1060 1817 rei,
1083 1747 1115 1813 si⁴
1173 1749 1183 1760 ⁸

185 1843 247 1902 vis,
271 1839 401 1912 exempla
424 1837 492 1891 vide
514 1855 574 1910 cap.
595 1847 642 1909 24·
665 1854 713 1905 27.
738 1855 835 1913 et29.
876 1841 980 1896 Causas
1002 1839 1108 1897 deinde

131 1936 160 1985 ,’
186 1925 277 1989 huius
300 1908 484 1980 difficultatis
501 1937 528 1975 et
551 1922 734 1978 refutationis
757 1922 895 1998 exponit,
925 1942 987 1996 cap.
1008 1938 1058 1992 33.
1081 1942 1108 1982 et

123 2044 126 2049 -
187 2026 269 2083 seqq.
319 2006 464 2062 Similia
455 2008 587 2061 restitute
612 2025 711 2062 omnes
740 2006 830 2061 ferme
852 2007 968 2064 ascetici
990 2010 1107 2066 ordines

154 2146 157 2153 Δ
187 2094 223 2149 ab
248 2092 399 2166 Aegyptiis
420 2096 533 2164 accepta
557 2107 688 2154 seruant,
712 2107 739 2145 et
759 2107 838 2147 tanto
861 2094 981 2165 quidem
1003 2094 1106 2166 magis,
1157 2086 1159 2093 ¹

187 2192 296 2252 quanto
329 2175 428 2231 minus
463 2174 640 2236 anistricto
675 2173 844 2249 primitiuae
877 2177 1116 2256 conuersationis¹

187 2263 287 2336 rigore
316 2258 477 2317 discedunt.
528 2259 648 2313 Essaeot
670 2278 788 2333 quoquc
813 2261 987 2316 ludaeorum
1010 2261 1108 2336 philo·

115 2394 118 2399 .
188 2345 298 2420 sophor
327 2364 379 2419 per
400 2342 509 2398 similes
530 2340 737 2417 probationum
761 2347 865 2417 gradus
889 2345 961 2401 olim
983 2345 1015 2399 in
1038 2366 1107 2401 con·

188 2429 358 2486 tubernium
395 2444 527 2502 receptos
558 2427 687 2482 fuisse
677 2447 740 2501 ipse
771 2430 955 2504 Porphyrius
990 2431 1118 2504 prolixe,

190 2515 290 2576 docet,
318 2513 371 2568 lib.
387 2516 436 2568 lV.
461 2513 591 2567 chbst.
616 2532 652 2565 ex
673 2511 714 2568 Fl
740 2513 875 2588 Iosepho.
920 2515 980 2586 Qui
1003 2532 1031 2569 et
1052 2511 1122 2569 clia⁴

186 2597 366 2656 multatum
380 2584 570 2672 Pythagoreis
592 2596 759 2652 communit
775 2597 925 2665 habuere,
947 2597 1122 2664 ιιιοιιιιιιιιι,ἱ

187 2683 334 2739 ιιοιιοιιιιιι
349 2683 604 2744 communionem,
627 2697 736 2736 vestem
754 2672 913 2744 candirlain,
936 2684 1108 2755 dogmatum

188 2782 309 2823 suornm
339 2748 580 2827 occultationem,
617 2766 821 2820 abstinentiam
851 2762 893 2821 ab
912 2767 1132 2823 animatorum.
1158 2794 1161 2801 ·

189 2872 258 2914 esu,
284 2867 312 2904 et
329 2849 446 2906 similia.
490 2853 570 2923 Quae
587 2867 615 2904 et
630 2849 783 2924 1ps1heurl
798 2850 886 2906 dulnc
902 2851 936 2905 ab
951 2849 1107 2924 Aegyptiis
1145 2859 1160 2873 ''

187 2953 222 2992 vt
238 2934 292 2988 alia
306 2935 399 2988 multa
412 2952 562 3009 recepere.
605 2937 668 2990 Nec
685 2934 809 2990 miretur
826 2936 999 3008 quisquam,
1026 2936 1121 3007 queat
1143 2930 1145 2934 ¹

189 3043 205 3076 a
227 3020 340 3074 Iudaeis
363 3035 392 3073 et
416 3008 582 3074 Gentilibus
608 3038 700 3074 sacrae
724 3019 953 3073 conuersationis
973 3036 1001 3072 et
1015 3021 1107 3093 perle-
1171 3090 1173 3094 Α

190 3104 291 3160 ctioris
314 3107 391 3159 vitae
417 3103 551 3157 instituta
571 3103 603 3158 in
625 3101 783 3157 Ecclesiam
809 3105 938 3158 deriuata
961 3103 1106 3169 dixerim

191 3209 257 3243 cum
282 3205 310 3244 et
331 3190 430 3264 ipsum
454 3186 619 3282 φιλοσοφίας
643 3202 728 3260 etque
752 3184 888 3283 iuniorem
909 3206 1018 3241 nomen
1039 3189 1108 3242 reli·

190 3271 272 3346 giosa
299 3275 360 3328 vita
378 3273 448 3327 inde
468 3271 596 3327 traxerit.
645 3272 709 3326 Nec
730 3270 841 3325 minori
861 3271 925 3326 iure
947 3271 1108 3328 Christiani

87 3394 91 3405 ι
114 3354 117 3359 ’
186 3355 305 3411 saniora
319 3357 507 3412 Gentilium
498 3355 630 3410 instituta
645 3355 677 3409 in
691 3375 758 3410 suos
780 3373 850 3410 vsus
868 3370 1108 3433 conuerterepo·

191 3456 326 3502 tuerunt,
349 3460 435 3514 quam
451 3440 578 3495 Hebraei
593 3441 806 3515 Aegyptiorum
823 3440 923 3514 spolia.
946 3441 1012 3494 Hoc
1030 3442 1117 3501 enim,

188 3539 360 3598 argumento
373 3526 523 3589 manifeste
540 3524 649 3598 liquet,
671 3525 801 3579 extitisse
820 3523 852 3577 in
873 3523 998 3599 singulis
1013 3526 1107 3583 natio·

190 3608 284 3668 nibus.
303 3609 356 3682 qui
370 3610 468 3682 agnita
481 3625 599 3663 naturae
612 3607 754 3677 humanec
770 3610 968 3682 corruptione,
980 3609 1106 3665 strictio·

190 3695 219 3769 ri
233 3713 337 3766 genere
352 3693 475 3749 uiuendi
488 3694 522 3747 ad
539 3694 742 3767 perfectiorem
760 3690 888 3765 aliquem
907 3693 1023 3766 pietatis
1039 3714 1107 3770 grn-

189 3777 262 3837 ¹(lum
278 3797 364 3852 snpra
384 3774 492 3849 vulgus
513 3778 705 3833 eniterentur:
733 3777 811 3830 vnde
828 3776 1109 3833 Clementi'Alexan·

191 3862 277 3915 drino
301 3859 372 3917 haec
397 3859 559 3915 Gentilium
581 3877 610 3916 et
636 3861 810 3915 Indaeorum
836 3859 969 3914 instituta
996 3862 1110 3934 βαθμοὶ

190 3945 237 4000 καὶ
262 3943 429 4017 ὕποβοιθροι
456 3945 505 4013 τῆς
527 3942 598 3997 altri
617 3943 738 4014 Χριστὸν
760 3942 925 4017 φιλοσοφίας
954 3945 1107 3998 dicuntur:

191 4042 303 4082 tantum
326 4027 420 4091 abest.
442 4041 476 4084 vt
493 4024 553 4081 hoc
572 4025 692 4081 nomine
713 4023 881 4100 religiosam
899 4025 992 4091 ritem
1012 4027 1109 4082 nostri

156 4132 448 4218 Tom.ll.P.Il.r
550 4160 555 4183 r
662 4151 665 4154 ·
752 4124 790 4195 B
