2656 4672
302 267 371 354 ιιιι
402 295 541 368 utra
573 256 966 376 ιιιιιᾼιιοιιιιιι.
1073 274 1150 381 115v

126 471 393 547 immortalem
425 466 681 567 perhibenn
719 450 913 562 Quamuis
949 464 1142 541 nonnulli
1185 480 1189 487 '

126 595 378 695 profundam
409 572 634 664 Aristotelis
672 560 849 659 mentem
888 600 1034 692 parum
1070 613 1140 661 ca·
1156 622 1164 637 ‘

127 715 314 816 pientes,
367 733 460 784 eum
495 706 678 782 animam
716 709 929 792 mortalem
963 726 1140 843 statuere
1179 760 1183 767 -

83 908 89 912 .
128 835 367 945 existiment.

79 1007 80 1011 =
153 1032 156 1037 ⁴
233 956 397 1029 Homo
397 949 708 1052 microcosmus,
751 949 834 1023 siue
860 949 1002 1024 mundi
1028 973 1140 1052 com·

128 1073 346 1180 pendium,
395 1070 562 1165 dicitur,
609 1097 697 1144 non
732 1074 845 1170 quod
876 1095 928 1144 ex
960 1091 1142 1171 quatuor
1226 1109 1232 1119 ·

130 1194 335 1272 elementis
363 1195 540 1265 constet:
561 1188 623 1263 'id
650 1188 755 1263 enim
783 1211 944 1266 caetera
971 1197 1140 1292 quoque

130 1291 334 1405 animalia,
361 1311 455 1384 licet
474 1311 648 1405 minima,
673 1314 847 1385 habent:
870 1325 1015 1387 ¹verum
1040 1311 1141 1412 quia
1197 1397 1201 1410 .

131 1413 282 1514 omnes
302 1430 445 1541 mundi
481 1432 651 1532 virtutes
692 1432 887 1506 continet.
951 1435 1056 1506 Nam
1095 1431 1152 1507 in

128 1562 287 1634 mundo
314 1532 408 1627 sunt
434 1552 509 1646 dii,
539 1574 580 1625 et
603 1573 784 1652 quatuor
806 1556 1024 1647 elementa,
1051 1551 1141 1652 ani·
1175 1553 1178 1568 '

130 1676 255 1764 malie
280 1677 420 1768 bruta,
457 1677 783 1773 atqueplantae.
841 1673 990 1748 Omnes
1012 1670 1141 1747 hasce

129 1793 336 1900 'potentias
368 1794 714 1893 possidethomo.
770 1796 920 1886 Habet
939 1793 1046 1869 enim
1077 1796 1158 1868 fa·-

130 1922 326 1996 cultatem
354 1916 552 2008 diuinam,
579 1915 731 1989 scilicet
751 1913 1005 1989 rationalem.
1053 1917 1142 2007 Ha-

109 2043 203 2116 ·bet
241 2057 431 2109 naturam
471 2039 779 2125 elementorum,
830 2033 1017 2108 nimirum
1058 2034 1143 2109 vim

129 2146 372 2235 nutritiuam
405 2174 531 2255 atque
562 2154 799 2248 auctricem,
840 2153 982 2254 suique
1011 2154 1142 2228 similis

82 2348 86 2361 ,
129 2275 443 2383 productricem.
501 2274 576 2348 Ao
591 2275 753 2379 singulis
788 2274 852 2376 his
880 2268 1045 2350 inferior
1068 2261 1142 2350 est.

131 2402 238 2476 Nam
262 2394 324 2497 vti
349 2394 633 2494 quinquertio,
676 2421 811 2489 omnes
836 2397 989 2471 habens
1011 2396 1143 2474 virtu-

84 2498 95 2517 .
133 2543 212 2612 tes,
254 2517 297 2590 in
332 2515 495 2618 singulis
525 2538 666 2617 >tamen
699 2517 831 2592 minor
864 2539 923 2592 est
956 2544 1042 2600 eo.
1069 2514 1145 2616 qui

95 2661 99 2665 ’
133 2666 263 2718 vnum
288 2658 451 2710 tantum
473 2636 698 2719 certaminis
724 2665 851 2741 genus
878 2640 1059 2712 exercet:
1084 2638 1144 2710 ita
1176 2714 1185 2724 ,

135 2781 178 2840 et
202 2766 324 2859 lromo
350 2759 503 2856 habens
527 2783 664 2830 omnes
692 2759 878 2853 virtutes,
910 2760 956 2834 in
981 2757 1145 2862 singulis

82 2876 92 2964 s
134 2875 365 2984 singillatim
390 2898 615 2978 superatur.
666 2878 866 2953 Minorem
888 2879 996 2955 enim
1019 2879 1146 2954 ratio·
1208 2961 1218 2979 .

77 3001 199 3096 »gnis
227 3003 466 3107 facultatem
497 2999 710 3092 habemus,
749 3025 875 3098 quam
906 3001 979 3074 dii:
1022 3001 1146 3074 itaet

133 3123 266 3203 minus
299 3124 349 3192 de
368 3117 607 3224 elementis,
655 3145 779 3218 quam
814 3121 902 3220 ipsa
934 3126 1145 3195 elementa.

82 3260 87 3264 ’
138 3239 348 3341 Cupiditas
370 3263 556 3374 quoque
595 3261 638 3315 et
679 3240 891 3315 iracundia
930 3232 1063 3317 minor
1101 3241 1148 3318 in
1180 3334 1182 3338 Ι
1255 3251 1257 3254 ’

136 3360 273 3466 nobis,
300 3383 425 3458 quam
449 3359 494 3433 in
517 3359 652 3441 brutis.
704 3363 760 3436 Et
784 3363 994 3439 nutriendi
1020 3386 1147 3463 atque
1169 3436 1171 3444 ,

139 3478 346 3562 crescendi
362 3479 561 3578 qualitate
580 3505 605 3554 a
623 3483 831 3580 plantis
791 3484 1003 3560 vincimur.
1032 3485 1149 3620 Quo·
1204 3580 1205 3583 Ἴ
1240 3510 1246 3517 ’

136 3603 249 3677 circa
267 3625 360 3675 cum
376 3600 495 3676 variis
516 3627 567 3677 ex
589 3605 889 3680 facultatibus
868 3607 1082 3706 compositi
1098 3607 1149 3680 si·
1164 3634 1168 3638 ·

139 3748 244 3815 mus,
272 3720 399 3798 vitam
414 3745 584 3820 quoque
599 3749 676 3797 vsu
692 3721 895 3799 difficilem
910 3711 1149 3804 obtinemus
1252 3711 1258 3719 ’

76 3850 78 3856 ’
157 3931 161 3942 „
239 3841 334 3917 Alia
371 3841 479 3917 enim
522 3841 659 3916 omnia
695 3846 747 3917 ab
787 3871 872 3923 vna
904 3869 1054 3922 natura
1085 3873 1150 3921 re·
1242 3932 1244 3956 Ι

140 3941 321 4068 guntur:
353 3989 454 4075 nos
497 3982 633 4086 autem
677 3962 964 4061 qualitatibus
987 3966 1151 4065 diuersis

776 4084 860 4157 Ha
951 4081 956 4086 ’
