2656 4672
134 292 137 297 ’
300 283 987 394 nnvttn'errnnn'onan..
1059 312 1126 368 121

441 419 453 449 f
1090 444 1096 463 t

78 522 85 530 .
123 474 373 583 illirfrigore,
405 478 446 550 hi
468 497 582 583 aestu
602 476 862 572 infestantur,
899 476 1130 581 constipata

124 601 314 680 exteriori
339 598 516 699 corporis
537 592 766 698 superficie,
794 621 834 673 et
859 600 1034 704 plurimo
1059 626 1129 675 ca·
1220 593 1247 674 ¹,

122 726 211 800 lore
237 747 286 798 ac
310 727 478 796 humore
503 718 611 811 intus
636 710 897 823 consumpto,
927 743 1129 827 tempera-

122 866 306 920 mentum
340 840 550 942 pessimum
582 839 780 915 obtinent.
810 845 1014 946 ideoque
1039 843 1130 920 uio-

122 966 226 1042 lenti
248 986 289 1041 et
313 968 488 1039 audaces
514 981 628 1054 sunt,
663 960 827 1061 quieas
852 963 1041 1042 incolunt
1065 990 1129 1040 re·
1202 945 1216 957 ³

124 1086 275 1190 giones.
318 1084 457 1182 Atque
479 1080 538 1155 ita
562 1088 785 1161 secundum
809 1085 1128 1186 proportionem,
1181 1117 1194 1177 ι,

93 1258 108 1287 .
123 1206 197 1308 qui
222 1206 366 1296 medio,
395 1224 466 1277 aut
490 1202 673 1278 extremis
699 1204 1051 1301 vicinioressunt,
1078 1213 1131 1281 de

124 1309 299 1405 viciniae
331 1346 650 1424 temperamento
683 1326 944 1427 participant.
1011 1331 1131 1403 Ideo·
1306 1416 1313 1427 ι

125 1472 228 1547 que,
270 1469 371 1521 teste
396 1449 589 1539 Platone,
637 1472 929 1554 quamcunque
955 1446 1131 1548 discipli-
1219 1512 1228 1545 ·..
1310 1533 1314 1538 .

86 1616 91 1622 -
125 1593 221 1643 nam
245 1565 390 1657 Graeci
410 1593 436 1645 a
454 1566 632 1674 barbaris
655 1555 907 1671 acceperint,
934 1593 1023 1663 eam
1047 1594 1132 1642 me·
1212 1665 1216 1676 Ι

124 1687 201 1761 lius
220 1692 453 1788 proferunt3
481 1708 522 1761 et
535 1689 709 1764 maxime
727 1690 903 1793 quidem,
928 1715 1029 1796 prae
1047 1688 1132 1800 aliis
1220 1742 1224 1747 <
1307 1739 1309 1742 <

126 1809 289 1883 Graecis
297 1807 609 1910 ,Athenienses
1012 1896 1016 1901 ,
1192 1814 1211 1829 ’“

226 1928 490 2031 Quapropter
511 1929 639 2033 primi
675 1932 854 2009 omnium
886 1934 945 2008 rei
970 1932 1133 2008 militari
1182 2004 1184 2009 .

125 2056 390 2129 studuerunt:
437 2073 478 2128 et
509 2051 729 2153 picturam,
771 2080 992 2155 omnesque
1028 2075 1132 2128 artes
1214 2131 1219 2139 ,

124 2172 397 2265 mechanicas,
437 2193 478 2249 et
508 2172 713 2262 militares,
756 2174 858 2274 quin
893 2169 933 2248 et
968 2173 1133 2249 dicendi
1239 2206 1249 2213 “

125 2295 380 2386 facultatem,
416 2315 456 2373 et
481 2290 781 2376 mathematicas
808 2294 991 2372 scientias
1014 2294 1134 2369 inue·

125 2436 288 2490 nerunt.
350 2415 552 2516 Quocirca
584 2440 662 2489 nec
699 2415 944 2510 aduentitia,
985 2421 1043 2493 ¹vt
1076 2415 1135 2490 ita
1185 2420 1216 2435 '‘
1303 2394 1309 2403 ⁸

127 2536 279 2631 dicam,
319 2535 487 2615 Athenis
527 2558 587 2620 est
632 2538 823 2633 eruditio,
870 2543 939 2614 sed
971 2535 1133 2613 natiuae

128 2683 223 2734 cum
244 2667 314 2735 aer
328 2646 443 2733 istius
464 2657 637 2758 regionis
658 2659 909 2735 tenuissimus
936 2678 977 2731 et
1003 2657 1134 2759 puris·
1228 2647 1235 2663 ’

128 2778 247 2855 simus
279 2779 346 2856 sit:
393 2800 440 2857 vt
473 2805 560 2865 non
594 2783 722 2881 solum
751 2779 899 2854 terram
933 2798 1134 2870 attenuet,
1192 2865 1194 2869 ι

85 2876 98 2915 “’
131 2902 265 3003 (quae
292 2887 517 2994 causaest,
545 2900 782 3001 c11rsterilis
806 2901 856 2974 sit
873 2896 1037 2998 Attica)
1065 2900 1136 2972 sed

129 3045 171 3095 et
196 3023 404 3098 hominum
428 3019 593 3124 ingenia
625 3021 784 3098 subtilia
811 3027 967 3095 reddat.
1026 3018 1136 3092 Solet
1205 3024 1209 3040 “

131 3138 239 3217 enim
264 3134 395 3223 tenuis
422 3153 499 3220 aer.
516 3162 647 3217 terrae
670 3142 835 3246 quidem
856 3165 1023 3233 nocere,
1065 3140 1137 3215 se‘d
1242 3199 1259 3219 l

127 3269 317 3365 prodesse
343 3263 521 3367 ingeniis.
1282 3244 1290 3257 s

227 3383 350 3460 Venti
368 3386 525 3461 Etesiae
552 3383 826 3460 ardentissimo
854 3381 1012 3461 aestatis
1035 3402 1137 3455 tem·
1224 3468 1227 3473 ¹

128 3529 232 3605 pore
257 3485 485 3581 huiusmodi
510 3512 561 3594 de
586 3532 708 3582 causa
734 3505 902 3605 spirant.
961 3505 1029 3579 Sol
1057 3500 1138 3574 iam

131 3625 357 3717 sublimior,
400 3627 605 3728 magisque
632 3654 656 3702 a
685 3625 784 3723 locis
809 3622 1137 3701 meridionalibus

132 3753 186 3820 ad
206 3744 520 3847 septentrionem
538 3773 775 3838 conuersus,
798 3743 978 3818 dissoluit
993 3749 1138 3818 humo·

132 3895 234 3957 rem,
264 3867 335 3968 qui
361 3889 421 3942 est
448 3893 583 3944 versus
609 3867 941 3966 septentrionem:
974 3864 1005 3938 is
1028 3867 1139 3940 solu-

132 4011 198 4063 tus
222 3991 350 4089 primo
375 3988 419 4062 in
441 3996 593 4082 adrem,
621 3986 768 4061 deinde
790 3986 834 4060 in
859 3987 1002 4063 flatum
1027 4009 1142 4061 omn*
