2656 4672
297 331 304 351 ι
344 319 414 391 nu
443 311 582 373 vrrA
610 310 998 374 rrrnAnonAu.
1136 293 1207 368 61·

176 500 246 562 ore
274 454 553 568 affirmantur.
618 450 676 561 Vt'
713 481 943 588 simplicitef
973 475 1185 580 loquendo
1288 541 1290 548 ,

175 614 227 681 de
253 604 416 680 nemine
446 622 658 707 quoquam
687 604 879 705 plura‘et
910 601 1185 703 praeclariora

171 710 405 803 credantur.
457 725 567 800 Illius
592 726 697 799 enim
719 721 1017 826 praedictiones
1033 708 1185 826 terrae-

171 870 357 925 motuutu
379 844 617 921 certissimae
634 864 1021 936 commemorantur,
1049 866 1090 917 et
1102 869 1183 949 pc-

141 988 144 993 ⁴
164 991 237 1043 stis
261 953 621 1051 auerruncationes
647 963 1008 1069 praesentissimae.
1034 986 1183 1040 vento·

169 1114 269 1164 rum
265 1113 446 1189 quoque
461 1089 753 1220 violentorum,
780 1077 1072 1190 grandinisque
1084 1111 1182 1185 pro·

168 1208 388 1284 fusissimae
429 1206 760 1308 compressiones,
808 1225 848 1279 et
883 1227 1182 1306 tempestatum,

167 1348 252 1403 tam
274 1328 318 1401 in
341 1329 592 1422 fluminibus,
624 1353 748 1427 quam
771 1326 814 1399 in
836 1328 937 1400 mari
960 1325 1180 1401 serenatio·
1252 1384 1257 1389 -

161 1446 258 1544 nes,
285 1455 338 1523 ad
362 1450 521 1526 facilem
544 1471 585 1522 et
608 1454 832 1523 secundnm
854 1448 1073 1556 amicorum
1094 1468 1180 1521 tra·
1195 1446 1233 1529 ·,ἶ

162 1570 328 1645 lectum.
388 1573 679 1671 Empedoclem
709 1595 878 1670 quoque
904 1591 945 1644 et
970 1567 1179 1668 Epimeni·

165 1697 277 1784 dem,
305 1711 431 1791 atque
452 1691 638 1784 Abarim,
665 1697 880 1797 cumliaco
906 1694 958 1766 ab
983 1690 1177 1763 illolraue
1222 1692 1224 1697 ’
1270 1714 1275 1722 ·
1304 1734 1327 1759 ‚s

149 1813 322 1904 sissent,
367 1812 467 1886 talia
498 1806 642 1913 p‘assim
670 1792 921 1913 perpetrasse
949 1797 1084 1886 aiunt:
1135 1830 1178 1887 et
1212 1808 1214 1824 ’

164 1942 357 2033 poemata
373 1933 534 2032 ,illorum
550 1937 629 2007 hoc
646 1932 856 2009 manifeste
871 1932 1020 2006 testari.
1064 1932 1197 2031 Quin,
1246 1969 1248 1973 ⁴
1291 2005 1301 2025 ¹,

165 2076 206 2128 et
224 2052 465 2154 Empedocli
482 2079 710 2156 cognomen
728 2076 815 2127 erat
831 2053 1072 2128 Alexanemi
1091 2051 1176 2127 siue

162 2174 393 2249 Auerrunci
420 2195 658 2269 ventorum3
683 2174 913 2274 Epimenidi
927 2172 1044 2265 uero,
1071 2177 1175 2248 Pur·

162 2294 332 2412 gatoris3
366 2294 556 2389 Abaridi,
589 2295 922 2370 Aethrobatae
895 2321 979 2398 siue
1002 2292 1173 2369 Acrama
1207 2293 1245 2309 '⁴
1283 2297 1286 2302 ’

161 2404 258 2489 buli.
323 2416 713 2515 Quandoquidem
702 2446 733 2493 rs
773 2418 943 2520 sagittae
971 2413 1174 2550 Apollinis

159 2521 455 2635 Hyperborei,
463 2561 588 2635 quam
611 2541 722 2610 dono
747 2558 984 2637 acceperat,
1010 2521 1172 2636 inequi·
1211 2626 1215 2637 Ι

160 2677 264 2747 tans,
290 2656 438 2729 fluuios
452 2677 492 2728 et
505 2682 642 2750 mana,
665 2659 828 2758 aliaque
843 2657 962 2731 loca
952 2680 1172 2750 inaccessa,
1213 2722 1216 2726 r
1284 2671 1290 2685 ‘

158 2801 234 2876 per
254 2785 387 2850 aerem
411 2774 526 2878 quasi
550 2777 957 2859 volitans‘transibat:
992 2782 1106 2876 quod
1129 2796 1171 2848 et
1249 2830 1256 2843 ,

84 2924 87 2933 ’
157 2898 431 3000 Pythagoram
477 2899 614 2973 fecisse
662 2901 855 2975 nonnulli
894 2900 1169 2999 suspicantur,

105 3010 109 3015 ’
157 3042 252 3091 oum
280 3020 512 3121 Metaponti
544 3042 585 3095 et
614 3019 878 3096 Tauromenii
909 3022 1056 3093 amicos
1082 3043 1169 3094 vna
1223 3056 1227 3113 1

95 3158 99 3173 ·
158 3142 383 3255 eademque
405 3143 469 3216 die
486 3141 704 3241 utrobique
728 3145 991 3217 conueniret.
1029 3136 1169 3215 Animi
1165 3173 1241 3285 »ι
1300 3165 1304 3179 ’

156 3277 255 3333 vero
274 3265 536 3363 corporisque
556 3263 727 3336 affectus
742 3259 993 3358 rhythmis,
979 3257 1167 3336 carmini-

154 3379 315 3487 busque
337 3403 378 3454 et
399 3383 744 3459 incantationibus
763 3386 943 3460 sedabat.
985 3383 1039 3455 Et
1063 3387 1166 3455 haec
1232 3470 1235 3474 ¹

154 3499 322 3600 quidem
345 3502 564 3580 adhibebat
587 3487 740 3580 amieis:
772 3504 857 3606 ipse
872 3530 971 3582 vero
988 3497 1166 3577 uniuersi

156 3619 403 3717 concentum
424 3627 590 3701 auribus
610 3626 872 3728 percipiebat.
905 3622 1164 3724 Intelligebat
1227 3622 1230 3627 ’
1258 3626 1263 3643 ¹
1284 3644 1288 3661 ¹

152 3741 261 3815 enim
280 3762 409 3817 totam
427 3746 535 3824 illam
551 3769 591 3821 et
604 3752 832 3851 generalem
849 3745 1007 3820 orbium
1028 3746 1165 3818 coele*

150 3859 289 3957 stium,
313 3869 602 3966 stellarumque
617 3869 784 3970 quaein
800 3858 963 3940 orbibus
976 3865 1057 3940 istis
1074 3888 1167 3937 mo·-

151 4006 303 4060 vcntur
335 3988 612 4063 harmoniam:
633 4055 636 4061 .
657 4013 783 4089 quam
807 4014 882 4063 nos
909 3989 962 4061 ob
986 4005 1162 4061 naturae
