2656 4672
209 383 214 401 ,
261 317 331 407 130
415 334 621 393 ‚noras
652 336 687 390 c.
716 335 1119 389 asnueasnusrr

255 502 482 567 Κωνσιοιντίνοιι,
515 500 563 556 καὶ
586 495 633 562 ἕως
654 496 849 564 nauseantes,
881 495 909 555 ἓν
926 487 945 572 ᾗ
962 499 997 554 τὰ
1013 499 1084 554 κατὰ
1101 498 1211 568 Zirmas
1228 497 1277 554 sci

255 593 441 657 Βασιλίσιιον,
464 607 512 644 και
504 588 576 644 τὸν
592 584 752 660 ἐμπρησμὸν
776 585 825 654 τῆς
842 584 975 658 δημοσίας
991 586 1197 659 βιβλιοθήκης,
1227 586 1276 643 aci

256 682 309 736 τῶν
332 677 498 754 ἀγαλμάτων
519 676 569 730 τοῦ
593 669 799 745 Αὕγοοσιοιίοιι,
839 675 886 728 καὶ
917 673 987 729 ἄλλοι
1017 676 1080 730 τινὰ
1102 674 1274 748 διεξέρχεται,

255 762 332 832 μάλα
349 760 465 836 σεμνῶς,
493 757 540 813 καὶ
561 754 713 829 τραγῳδίας
730 751 808 823 διίιην
833 751 1001 829 ἄποθρηνοιν
1024 752 1104 811 αὐτοι.
1148 756 1181 810 si
1206 760 1275 832 quis
1315 822 1318 827 Ι

148 880 151 888 ,
257 846 362 919 quid
354 844 461 898 rectius
484 840 566 905 hisce
587 838 721 901 nouerit.
743 842 856 912 nosque
877 838 1029 902 docuerit,
1059 838 1215 897 habiturus
1232 857 1274 900 ιιι

257 948 312 985 nos
331 943 432 1003 gratos
456 923 582 980 didactri
603 922 759 977 debitores.

345 1045 485 1116 Quisquis
514 1054 610 1093 autem
643 1037 693 1093 hic
723 1037 812 1092 fuerit
840 1037 998 1104 Malchue‚
1034 1031 1120 1096 facile
1145 1057 1273 1117 apparet.

257 1129 305 1186 ιιοιι
322 1121 390 1181 adad
408 1124 500 1191 ὃιίξιι,
534 1123 736 1197 pereruditum
759 1138 787 1177 et
811 1124 968 1197 antiquum
996 1143 1057 1179 etse
1087 1127 1272 1201 scriptorem,

259 1211 313 1286 qui
341 1207 451 1263 multos
481 1207 587 1282 legerit
612 1223 764 1268 auctores,
809 1226 936 1280 quorum
966 1206 1055 1263 hodie
1081 1226 1274 1266 monumenta
1306 1275 1309 1281 Ι

258 1314 320 1350 ιιοιι
343 1291 492 1347 habemus.
539 1293 674 1362 Cumque
695 1289 823 1364 piurima
844 1290 893 1345 hic
913 1292 1080 1356 occurrant,
1106 1313 1179 1367 quae
1202 1295 1274 1350 toti·

260 1379 343 1436 dem,
366 1391 416 1441 aut
437 1393 513 1430 certe
535 1373 689 1448 paululum
710 1375 871 1430 immutatis
895 1377 993 1433 verbis
1010 1375 1088 1450 legas
1103 1376 1181 1451 apud
1195 1379 1272 1433 iam·

258 1461 395 1541 hlichum
419 1460 453 1513 de
478 1461 544 1514 Vita
568 1458 768 1535 Pythagorae:
796 1459 861 1512 iure
883 1459 999 1515 dubitet
1020 1461 1183 1536 quispiam,
1205 1478 1273 1517 νισι
1314 1498 1316 1503 ,

258 1544 369 1601 horum
392 1563 423 1597 ea
445 1543 535 1598 fuerit
553 1543 588 1598 ab
612 1542 702 1596 altero
722 1558 882 1599 mutuatus.
925 1547 989 1618 Ego
1010 1545 1044 1598 in
1067 1565 1098 1599 ea
1119 1564 1184 1607 ιιιιιι
1207 1565 1276 1609 seu·x

199 1661 201 1665 v
259 1630 365 1690 tentia,
391 1627 540 1681 Malchum
565 1625 729 1680 Iamblicho
751 1627 944 1700 posteriorem
967 1648 1037 1691 esse,
1060 1629 1190 1701 adeoque
1209 1628 1272 1684 vel·

259 1713 306 1768 vti
334 1711 477 1785 quendam
502 1712 564 1766 eius
588 1711 822 1782 epitomatorem.
876 1711 1025 1786 Quicquid
1048 1712 1102 1777 ιιι,
1136 1711 1272 1787 proderit

260 1794 380 1852 collatio
410 1793 519 1850 horum
545 1795 688 1849 duorum·
702 1792 738 1846 ad
766 1789 959 1867 ἐπανόρθωσιν
984 1796 1170 1881 quorundam
1192 1790 1286 1872 apud*

180 1913 184 1922 ·
257 1877 472 1941 Iamblichum,
497 1898 571 1953 quae
594 1877 661 1932 satis
683 1875 775 1930 multa
798 1874 884 1929 etiam
906 1894 975 1950 post
998 1860 1202 1936 Μιοιιιοιιιιιιι
1220 1893 1271 1935 cu·

258 1965 404 2019 rationem
427 1961 591 2018 doctissimi
614 1962 674 2014 virs
664 1958 838 2014 Desiderii
860 1960 1013 2016 Heraldi
1004 1982 1036 2016 ιιι
1059 1963 1166 2019 morbo
1188 1984 1271 2021 men·

201 2036 204 2041 ¹
260 2048 365 2121 disque
394 2046 439 2119 ibi
470 2047 593 2102 cubant·
635 2045 716 2119 quod
737 2043 813 2098 intra
834 2062 895 2099 non
917 2065 978 2103 vno
999 2045 1067 2103 loeo
1090 2047 1270 2105 demonstra·

257 2130 368 2188 bimus

342 2249 483 2303 Additum
502 2246 626 2304 habebat
647 2245 724 2302 liber
748 2246 803 2300 Ma.
832 2241 1025 2313 assortiat:
1054 2268 1115 2323 quo
1140 2249 1280 2325 suspica(

230 2346 234 2353 “
258 2350 328 2386 mur
349 2333 478 2387 iudicare
506 2332 638 2387 voluisse
671 2329 841 2391 librarium,
889 2329 1000 2384 Malchi
1026 2351 1136 2390 nomen
1167 2334 1269 2411 (quod

258 2416 420 2471 Hebraicae
443 2432 486 2472 est
508 2413 656 2490 originis)
679 2418 787 2490 Regem
811 2413 983 2486 significare.

467 2597 855 2660 ΠΤΘΑΓΟΡΟΤ
894 2597 1058 2669 ΒΙΟΣ.
1153 2615 1155 2619 ’

346 2732 406 2806 Qui
438 2700 690 2811 philosophorum
726 2735 802 2790 vitas
839 2733 1032 2810 descripsere,
1070 2730 1163 2798 inulti
1189 2755 1264 2798 sunt.

258 2817 392 2873 Primum
421 2833 518 2873 autem
547 2818 716 2917 exemplum
745 2840 759 2872 a
785 2818 983 2893 Xenophonte
1012 2825 1211 2897 profectum
1204 2842 1264 2881 esre

258 2903 441 2976 accepimus,
480 2903 515 2958 de
545 2922 603 2976 quo
625 2904 666 2957 ita
689 2902 792 2959 scribis
813 2903 930 2957 Suidas:
967 2907 1103 2976 Ξενοφῶν,
1131 2904 1263 2982 Γριιλλοο,

254 2978 584 3056 henscheniusque
599 2977 815 3057 Σωιιροιιιιιιις,ι
806 3005 836 3048 ος
849 2985 954 3057 πρῶτος
968 2982 1072 3057 ἔγραψε
1087 2987 1169 3056 βίους
1184 2986 1265 3060 φιλο-

255 3067 356 3137 σόφων.
392 3067 448 3121 Sed
469 3067 527 3124 hoc
548 3086 621 3142 opus
643 3067 733 3124 hodie
754 3087 813 3124 ιιοιι
837 3083 936 3123 exstat
1268 3100 1272 3111 ·

342 3182 522 3258 Pythagorae
549 3186 640 3242 ritem
671 3202 785 3261 praeter
815 3184 966 3241 Melchum
996 3201 1131 3244 nostrum
1161 3179 1261 3260 plures

254 3265 420 3322 retulerunt
435 3269 468 3322 in
483 3267 595 3324 literas·
619 3288 653 3325 vt
675 3287 717 3326 est
734 3271 870 3344 inprimis
885 3269 1095 3332 Aristoxenus.
1119 3271 1172 3344 qui
1186 3271 1263 3326 Dio·
1306 3276 1313 3289 ⁴

253 3345 335 3420 nysii
364 3353 536 3422 Syracusani
565 3355 746 3430 temporibus
776 3355 873 3416 vixit,
913 3353 1029 3428 ipsique
1058 3351 1107 3408 illi
1136 3368 1277 3426 tyranno⁴

252 3431 426 3486 familiarem
449 3456 478 3491 se
498 3437 583 3492 fuisse
603 3437 776 3511 significat
768 3456 799 3490 ιιι
822 3437 936 3509 seriptis
959 3438 1029 3492 suis.
1072 3439 1114 3494 Ita
1129 3436 1208 3493 enim
1224 3456 1262 3494 ex

252 3515 351 3570 nobili
372 3490 433 3570 illa
447 3519 569 3574 historia
593 3522 750 3576 didicimus
767 3522 802 3574 de
817 3520 989 3575 vadimonio
1003 3522 1155 3583 Damonis,
1179 3522 1260 3597 quod

251 3601 396 3680 praestitit
417 3621 472 3675 pto
496 3606 589 3673 amico
612 3625 665 3661 suo
689 3604 805 3658 Phintia
828 3607 929 3678 eapitis
953 3605 1104 3661 danmato.
1138 3605 1174 3660 de
1202 3618 1259 3681 qud

172 3756 175 3763 .
251 3676 405 3739 Iamblich.
439 3687 529 3742 Num.
559 3702 630 3755 234.
658 3706 687 3745 et
715 3701 784 3755 255.
819 3704 846 3742 et
874 3688 983 3745 Malch.
1012 3690 1101 3744 Num.
1125 3691 1174 3746 60.
1206 3690 1257 3746 61.

250 3765 326 3820 Eum
350 3769 453 3825 Cicero
478 3775 499 3828 1.
526 3773 632 3830 Tuscal.
653 3769 829 3828 Dicaearchi
850 3775 998 3848 aequalem
1022 3791 1055 3827 ac
1071 3772 1258 3849 eondiscipu-

249 3845 313 3903 lum
323 3852 515 3948 'doctumque
538 3857 691 3913 hominem
714 3873 809 3911 vocat.
865 3859 962 3912 Huius
986 3856 1154 3913 Aristoxeni
1176 3855 1262 3913 testi·'

227 3933 351 3991 ¹monio
375 3936 409 3990 de
432 3940 595 4016 Pythagora
619 3941 749 4016 Agellius
774 3960 892 4017 quoque
914 3942 1008 3996 vritur
1036 3940 1088 3997 lib.
1110 3944 1163 4001 IV.
1192 3960 1254 4015 cap.

234 4033 300 4093 Διι.
318 4036 372 4075 nec
387 4019 450 4079 tine
469 4024 581 4100 insigni
597 4043 662 4108 virt
674 4025 791 4103 elogio:
814 4027 998 4093 Aristoxenus
1018 4025 1158 4102 (inquit)
1181 4026 1254 4094 Ma·
1291 4062 1296 4075 .
