2656 4672
233 289 306 368 aba
397 302 585 365 nutare
615 312 651 366 c.
679 312 1086 369 uturunsuustr

231 482 319 540 donec
339 484 433 540 emnia
452 483 585 538 vitiorum
606 490 711 558 genera
731 468 921 553 impleuerim,
949 497 1003 538 etc.
1045 470 1246 545 Idem'l'bec·
1269 438 1282 475 Ι

231 568 326 624 doret.
349 564 485 639 Epitcms
499 566 657 623 diuinorum
674 567 859 629 decretorum,
882 563 937 621 sub
950 566 1040 624 titulo
1065 568 1101 623 de
1114 570 1244 627 domines

229 652 396 719 „Animam
418 662 516 705 sutem
538 650 703 726 simplicem
724 666 785 705 essa
809 649 952 714 dicimus,
976 666 1004 706 et
1021 650 1137 708 r'atious
1160 674 1243 729 pras·

228 737 364 801 „ditam,
395 750 425 811 et
444 728 659 797 immortalem
695 752 761 806 nont
779 748 875 789 tamen
888 740 963 790 'ants
985 752 1100 812 corpus.
1111 739 1243 811 praeexi-

228 836 341 886 „atera
383 816 562 891 Pythagoras
582 817 661 872 enim
685 833 714 872 et
733 815 816 873 Plato
839 831 868 871 et
890 816 1042 883 Plotinus,
1065 834 1095 874 st
1111 822 1243 895 quisine

228 920 348 968 „sectae
371 917 455 962 sunt,
491 899 674 957 immortales
697 900 806 956 animas
829 921 890 956 esse
913 903 1056 968 confessi,
1091 904 1241 971 dixerunt,

227 1007 302 1052 „eas
328 1003 393 1043 ante
416 1003 539 1059 corpora
560 986 772 1059 praeexistere,
808 1001 838 1040 st
855 1002 917 1041 esse
940 989 1084 1061 quendam
1106 988 1243 1055 innumss

227 1072 379 1134 ,stabilem
407 1069 570 1125 animarum
596 1069 761 1144 populumt
800 1083 830 1123 et
860 1089 933 1144 quse
962 1087 1084 1145 peccant
1108 1073 1240 1147 quidem,

226 1162 247 1217 ,‘,
262 1155 378 1211 demitti
399 1154 432 1208 in
454 1170 595 1227 corpora,
631 1168 667 1208 rt
691 1152 744 1208 tali
764 1168 886 1228 purgata
908 1152 1064 1229 disciplina
1084 1157 1117 1211 in
1139 1155 1240 1213 locum

228 1239 414 1314 „proprium
435 1251 635 1291 reuertanmr:
674 1257 747 1311 qnae
776 1253 872 1292 autem
901 1239 989 1294 stiam
1009 1240 1042 1294 in
1057 1240 1240 1316 corporibus

226 1324 346 1387 „vitam
361 1322 497 1396 iniquam
519 1335 550 1375 et
571 1318 736 1375 sceleratam
755 1320 903 1396 amplexae
921 1322 1048 1388 luerint,
1068 1324 1101 1379 in
1113 1325 1240 1381 rationis

226 1406 385 1483 ,expertia
414 1403 533 1459 demitti
555 1402 706 1460 animalia:
745 1424 794 1461 eos
818 1404 937 1480 quidem
963 1407 1015 1479 qui
1035 1427 1147 1462 amarae
1168 1407 1239 1465 bilis
1303 1408 1308 1417 “

225 1506 338 1552 ‚,sunt‚
361 1505 391 1546 et
408 1487 575 1543 iracundiae
596 1506 712 1543 veneno
728 1489 846 1550 referti,
874 1488 907 1544 in
930 1507 1093 1566 serpentest
1120 1510 1238 1568 rapaces

145 1626 151 1638 ,
225 1593 326 1637 „vcro
348 1575 381 1629 in
403 1572 507 1646 lttpos;
547 1571 668 1627 audaces
696 1590 793 1629 autem
822 1574 855 1627 in
882 1572 999 1638 leoness
1034 1574 1236 1633 fraudulentos

224 1672 346 1716 ‚sautem
369 1652 402 1712 in
423 1653 544 1730 vulpest
574 1669 603 1709 et
624 1656 771 1712 eiusmodi
794 1656 930 1732 quasdam
952 1657 1065 1734 ineptas
1086 1657 1236 1717 confinxe-

223 1761 280 1803 „re
301 1739 429 1803 fabulas,
458 1754 511 1794 etc.
520 1748 539 1773 ‘⁸
580 1740 718 1813 Denique
739 1740 842 1797 eodem
866 1739 946 1798 libro
972 1762 1032 1817 cap.
1056 1743 1092 1797 ds
1113 1744 1235 1803 iudicine

134 1827 139 1837 “
222 1824 431 1899 „Pythagoras
460 1822 621 1877 animarum
644 1824 677 1877 in
699 1844 823 1899 corpora
845 1827 983 1882 transitus
1006 1825 1151 1884 fabulatus
1180 1838 1237 1893 su

223 1908 366 1972 „dicens,
396 1926 442 1962 sas
464 1924 525 1960 non
548 1905 642 1961 solum
666 1908 698 1961 in
723 1927 845 1983 corpora
867 1907 1038 1973 brutorum,
1073 1912 1124 1965 sed
1145 1913 1234 1967 etiam

221 1993 283 2056 „ln
315 1992 432 2048 arbores
461 1991 591 2046 transite.
642 1992 751 2046 Itidem
779 1993 866 2046 etiam
895 1993 977 2050 Plato
1007 1995 1082 2050 hanc
1103 1994 1234 2051 fabulam

222 2079 351 2141 „nescio
376 2073 528 2152 quomodo
551 2090 667 2130 secutus
690 2091 741 2131 est.
771 2077 850 2131 Hiuc
865 2079 981 2143 Manes,
1004 2095 1048 2144 et,
1071 2098 1235 2153 quassum

184 2176 191 2199 l
220 2195 239 2225 s,
248 2160 420 2239 praecessit,
442 2157 604 2232 impiorum
622 2161 830 2215 Gnosticorum
852 2160 994 2226 haeresis,
1018 2147 1232 2241 aedeptaocca·

219 2247 348 2316 ,‚sione,
381 2244 537 2303 dixerunt,
567 2240 626 2299 hoc
647 2263 707 2304 esse
733 2242 933 2319 supplicium
971 2247 1109 2304 Scelerati
1133 2265 1233 2305 autem

218 2364 238 2390 s,
248 2330 436 2403 Carpocrates
459 2322 675 2400 st'Epiphanss
703 2341 733 2382 ct
753 2327 893 2384 Prodicris
915 2344 944 2385 et
963 2332 1079 2393 Caleni,
1109 2331 1235 2387 suillam,

218 2410 332 2486 „plane
354 2412 447 2465 vitam
467 2411 692 2473 constituentes,
724 2411 872 2475 dicebant,
917 2416 1026 2472 animas
1050 2417 1083 2471 in
1104 2434 1228 2492 corpora

146 2553 151 2562 ,
217 2534 237 2559 „
245 2494 420 2556 transmitti,
458 2509 492 2549 rt
518 2511 572 2567 per
599 2493 756 2549 libidinem
784 2507 813 2550 et
835 2515 952 2553 omnem
974 2500 1226 2575 intemperantiam

216 2618 237 2644 „
245 2598 338 2634 vnum
365 2596 513 2652 quemque
543 2576 715 2651 angelornm
742 2581 847 2633 mundi
877 2583 1065 2639 conditorum
1087 2582 1226 2641 colerent.

216 2662 362 2726 „Piorum
392 2680 487 2718 autem
518 2659 638 2717 ecclesia
667 2681 719 2719 eoa
755 2680 784 2719 et
812 2664 988 2721 huiuamodi
1018 2667 1134 2725 fabulas·
1158 2672 1224 2725 exe·

215 2757 382 2812 „cratur,“
403 2738 455 2805 etc.
1030 2790 1033 2795 -

302 2831 358 2887 Sed
380 2832 414 2886 de
436 2829 567 2887 fabulosa
589 2828 642 2885 illa
661 2830 840 2906 migratione
854 2831 1072 2898 ,animarum-in
1086 2836 1143 2892 alia
1158 2856 1222 2895 cor·
1277 2852 1285 2877 l

213 2933 300 2992 pora,
337 2932 368 2971 et
388 2916 483 2993 ipsius
504 2915 687 2989 Pythagoras
714 2919 962 2992 metamorphosi,
996 2919 1082 2994 plura
1103 2921 1231 2988 dicandi:

213 3000 296 3056 locus
319 3001 376 3056 erit
396 3000 480 3057 inira·
525 2997 605 3054 Illud
625 3013 737 3061 tantum
758 2999 816 3055 hoc
837 2999 1040 3066 loeosddam‚
1064 3005 1144 3079 quod
1158 3005 1221 3083 legi
1288 3018 1293 3025 “

213 3085 291 3158 apud
312 3087 459 3141 Socratem
476 3084 530 3140 lib.
553 3085 606 3139 111.
628 3085 733 3139 Hister.
748 3080 854 3141 Ecclss.
876 3104 937 3163 cap.
958 3102 1008 3144 ut.
1029 3088 1117 3151 etiam
1131 3088 1230 3147 lulio·

210 3187 284 3224 num
299 3172 467 3244 Apoatatam
487 3168 542 3223 hac
562 3167 719 3225 vanissima
743 3168 883 3243 opinione
901 3170 991 3226 fuisse
1011 3173 1219 3249 dementatum,

209 3267 245 3307 vt
265 3250 322 3309 sibi
343 3252 545 3327 persuaderet,
567 3253 648 3307 iuxta
664 3251 847 3327 Pythagorae
864 3255 1051 3319 sententiam,
1075 3276 1111 3311 ex
1125 3270 1216 3314 nana·

208 3336 385 3392 formatione
406 3357 436 3393 se
458 3336 587 3411 animam¹
604 3334 712 3391 habere
726 3334 883 3391 Alexandri
899 3338 1018 3413 Magnis
1040 3340 1103 3397 ime
1116 3340 1228 3417 ipsum'

209 3441 240 3477 se
260 3420 293 3475 iu
314 3419 373 3475 alio
387 3438 518 3496 corpore
541 3438 602 3475 esse
622 3418 829 3474 Alexandrum.
871 3420 956 3477 Vnde
979 3439 1008 3479 st
1026 3445 1081 3501 per
1101 3425 1229 3483 somnia·

206 3504 241 3561 in
263 3524 325 3559 eam
348 3522 429 3579 spem
451 3501 557 3561 adduci
578 3523 608 3559 se
629 3520 729 3578 passus
751 3518 809 3565 est,
841 3503 975 3567 futurum
998 3527 1028 3563 se
1045 3508 1213 3567 Alexandro

206 3587 364 3644 Macedoni
381 3588 467 3644 rebus
491 3590 577 3662 gestia
598 3605 659 3643 non
678 3583 769 3641 modo
791 3606 906 3660 parem,
930 3590 1085 3648 sedetiam
1106 3592 1212 3650 eodem
1239 3652 1253 3669 ‚

205 3670 397 3745 superiorem.
429 3672 499 3727 ded
522 3671 592 3727 haec
612 3668 716 3745 opinio
739 3684 769 3724 et
793 3689 857 3747 apes
880 3692 948 3728 eum
969 3675 1102 3741 seduxit,
1141 3672 1211 3755 effe·

202 3753 319 3829 sitque,
346 3771 380 3812 rt
402 3754 646 3831 supplicationem
666 3754 767 3809 Persae
791 3755 870 3830 regia
893 3776 1059 3835 respueret,
1087 3774 1116 3816 et
1136 3750 1236 3817 dt‘utt⁸¹

200 3837 313 3915 praelio
340 3839 498 3896 commisto
526 3859 556 3896 se
576 3837 664 3893 etiam
682 3835 862 3896 immiscebat
882 3840 1041 3904 inermem.
1069 3842 1130 3901 sols
1155 3848 1224 3920 apa'

198 3920 345 3979 felicitatis
358 3922 466 3986 iratus,
486 3920 585 3981 iaculo'
598 3917 731 3982 confixus
744 3923 865 4002 periret,
885 3925 998 3985 incerto
1013 3928 1093 3988 ussit
1107 3926 1206 4006 ipsius
1222 3938 1226 3945 “

196 4019 324 4062 ulmus
896 4026 899 4031 '
979 4033 981 4037 '
