2656 4672
223 299 226 305 ¹
338 291 408 343 na
438 287 993 347 vtrArrrnAdonAu.
1122 254 1228 379 55³
1283 324 1286 332 ,

162 479 332 561 pastam,
359 434 693 558 adiuratamipte,
706 484 761 533 ne
778 458 1000 559 quicquam
1016 458 1170 533 auima÷

162 603 251 662 tum
271 579 441 680 amplius
464 578 701 681 attingeret,
721 608 877 656 rursum
895 563 1065 655 dimisit(
1092 582 1171 669 llla

161 727 261 799 vero
279 700 322 774 in
340 721 495 774 montes
512 705 727 801 syluasque
741 701 966 795 se'abdidit,
988 706 1175 779 nullum-³
1206 759 1211 769 .

161 844 245 923 que
271 843 413 921 postea
437 847 490 895 ne
512 825 675 894 brutum
697 822 862 920 quidem
886 824 1034 898 animal
1050 823 1168 913 irrua·
1265 844 1268 849 ’

161 948 258 1036 dere
277 942 362 1019 visa
378 942 467 1017 fuit.
515 926 860 1040 Cumquebouem
875 945 991 1019 iuxta
1006 946 1168 1041 Taren-

159 1048 250 1138 tum
280 1087 430 1157 temere
460 1086 500 1137 et
534 1062 763 1163 promiscue
790 1090 1024 1165 pascentem
1051 1069 1166 1161 fabas
1223 1132 1225 1136 ,

99 1259 102 1263 ,
160 1183 307 1259 virides
332 1184 506 1286 attigisse
526 1183 701 1277 videret,
743 1188 966 1263 bubulcum
988 1185 1170 1279 accessit,

158 1305 365 1408 suasitque
388 1307 484 1381 boui
508 1304 683 1399 edicere,
713 1328 757 1382 vt
773 1308 914 1398 asabis
935 1309 1166 1410 abstineret.

157 1428 217 1502 At
241 1452 331 1500 eum
359 1429 558 1504 bubulcus
583 1453 675 1501 eum
697 1426 863 1508 irridens
889 1434 1167 1530 responderet,
1231 1492 1240 1517 .,

157 1548 313 1625 nescire
332 1573 372 1622 se
395 1548 601 1628 bouinari=
635 1551 720 1649 ipse
743 1550 924 1645 accessit,
952 1575 993 1625 et
1008 1550 1111 1627 boui
1122 1547 1168 1629 in

158 1695 300 1747 aurem
318 1668 604 1764 insusurrauit,
633 1676 737 1749 adeo
753 1692 799 1751 vt
816 1699 903 1747 non
918 1677 1047 1748 solum
1066 1694 1166 1773 agro

156 1791 261 1866 fabis
293 1791 450 1868 consito
483 1791 733 1885 abseederet,
783 1798 852 1867 sed
879 1818 1094 1894 nunquam
1122 1789 1175 1862 in·

156 1896 365 2012 posterum
384 1913 497 1990 fabas
518 1912 756 2017 attingeret:
782 1914 854 2013 qui
877 1937 1020 2014 postea
1042 1908 1168 2011 pluria

156 2033 228 2108 mis
249 2034 366 2107 annis
381 2032 555 2111 Tarenti
575 2033 681 2108 circa
697 2034 863 2113 Iunonis
879 2037 1076 2133 templum
1092 2033 1165 2101 ob-

156 2153 338 2231 versattts
354 2155 586 2250 consenuit,
612 2160 694 2238 Bos
711 2181 821 2228 sacer
837 2160 963 2258 vulgo
981 2155 1165 2254 appella-

111 2300 115 2306 ’
154 2296 234 2369 tus,
258 2275 353 2355 cibis
369 2301 548 2368 vescens,
573 2304 676 2383 quos
691 2275 1022 2387 obuiusq'uisque
1041 2272 1164 2350 offer·

154 2419 229 2471 ret.
267 2396 460 2497 Aquilam
486 2385 651 2516 verofin
675 2399 778 2472 ludis
800 2395 1018 2498 Olympicis
1036 2414 1195 2494 caput
1245 2474 1250 2486 Ι
1287 2412 1294 2420 ’

155 2519 240 2593 eius
263 2518 644 2622 strperudlitantem‚
674 2521 894 2612 eumforte
918 2520 1086 2592 fortuna
1112 2519 1163 2586 de

155 2639 333 2742 auguriis
349 2661 390 2725 et
403 2639 588 2735 symbolis
605 2639 805 2742 signisque
821 2638 966 2737 diuinis
981 2644 1034 2711 ad
1049 2632 1162 2709 fami-

153 2760 271 2833 liares
287 2759 505 2854 dissereret,
533 2766 732 2861 quodque
749 2761 803 2834 dii
821 2759 1047 2838 hominibus
1065 2780 1164 2834 vera

83 2903 85 2911 ·
146 2881 310 2982 pietate
323 2880 516 2989 praeditis
539 2887 741 2981 quaedam
766 2880 1010 2984 significent,
1038 2900 1164 2976 atque

155 3000 475 3103 praenuncient,
506 3028 556 3075 ex
580 3013 672 3076 aere
697 3003 927 3096 deduxisse,
953 3022 1162 3097 manuque
1208 3020 1214 3027 ¹
1285 3043 1289 3052 -

152 3116 444 3224 pertraetatam
465 3149 621 3214 rursum
638 3123 823 3202 dimisisse
847 3121 1005 3199 dieitur.
1040 3121 1161 3193 Cum-

148 3270 248 3344 que
272 3244 536 3343 piscatoribus
568 3248 745 3318 adstaret
777 3246 1023 3320 verriculum
1057 3243 1162 3311 bene

157 3372 350 3437 onustum
382 3391 404 3437 e
432 3368 564 3438 fundo
595 3365 919 3458 extrahentibus,
962 3381 1161 3464 quantam

154 3484 325 3584 piscium
342 3485 501 3585 copiam
520 3491 780 3579 attraherent,
801 3484 1014 3588 praedixit,
1031 3483 1161 3581 ipsum

157 3630 327 3704 quoque
351 3631 563 3680 numerum
587 3607 999 3707 expressedefiniens.
1040 3604 1160 3676 Cum·

155 3749 238 3824 que
263 3725 321 3798 illi
347 3730 525 3825 facturos
548 3754 588 3802 se
615 3730 916 3835 promitterent,
943 3729 1161 3826 quodcun-

243 3905 324 3973 βόεια
343 3901 467 3978 ῥήματα,
493 3904 582 3958 verba
606 3904 735 3976 grandir0
786 3902 882 3958 Malui
903 3902 1048 3966 deriuari,
1077 3917 1164 3974 quam
1196 3902 1198 3907 ’

245 3989 330 4043 boare
346 4004 478 4051 vortere,
500 3987 550 4042 vel
564 3989 665 4050 boore,
685 4003 719 4044 vt
736 3988 830 4047 Varro
851 3986 995 4060 loquitur.
