2656 4672
410 322 487 373 tn
515 288 899 406 ronrnrntuni.
1086 270 1187 382 145

75 486 87 505 “
161 491 262 550 nullus
290 488 339 548 hic
365 507 462 568 potest
491 511 551 549 esse
578 487 671 548 locus.
722 491 851 548 Notetur
877 490 928 546 hic
956 486 1118 563 malignum
1137 501 1167 544 et

75 618 83 641 ,.
162 575 320 634 subdolum
346 577 513 650 ingenium·
534 575 748 651 Aegyptiorum
778 576 979 638 sacerdotum,
1027 591 1102 647 quos
1136 587 1167 628 et

147 661 264 716 ‘Strabo
287 676 406 716 testatur
426 662 516 717 fuisse
536 659 683 733 protectorio
705 661 752 714 καὶ
768 657 1004 729 δυσμεταιλότους,
1036 656 1094 712 hoc
1113 671 1164 719 est,

160 744 214 820 per
242 745 385 799 inuidiam
418 745 562 800 occultare
591 761 641 797 sua
670 742 874 802 consueuisse,
909 758 963 794 nec
987 739 1072 794 facile
1096 759 1166 795 sum

161 827 226 882 aliis
251 824 519 888 communicauissei
571 827 604 880 Id
635 845 701 899 erga
731 823 926 898 Pythagoram
956 842 1074 898 quoque
1096 824 1165 880 satis

161 912 358 975 declararunt,
397 914 466 968 dum
490 911 574 987 quasi
603 927 659 984 pro
686 907 783 999 pila
775 927 873 983 ipsum
895 905 1047 983 habentes,
1084 906 1166 982 quoti

161 996 286 1058 dicitur,
308 995 361 1050 alii
381 996 439 1052 alio
461 996 646 1070 ablegarunt,
668 980 1002 1066 Biliopolitaequidem
1012 991 1051 1045 ad
1069 993 1165 1046 Mem·

158 1080 266 1162 phitas,
289 1096 432 1178 tanquam.
443 1080 554 1135 scilicet
571 1077 715 1140 seniores:
739 1075 920 1150 Memphim
935 1094 1007 1131 vero
1022 1077 1057 1129 ad
1073 1076 1164 1133 Dios·

159 1152 267 1239 politas
296 1176 372 1219 cunt*
391 1164 539 1219 mittentes
564 1160 625 1218 tub
647 1161 751 1216 eodem
777 1174 945 1234 p1·:astextu
984 1157 1019 1212 hi
1048 1160 1165 1216 tandem

159 1264 242 1303 metu
263 1249 322 1303 irae
342 1250 439 1322 regiae
460 1248 643 1303 admittentes
666 1245 802 1319 quidem,
825 1244 874 1298 sed
887 1243 1043 1298 durissime
1055 1243 1164 1300 babela-

159 1346 218 1394 tes,
241 1350 275 1388 vt
291 1331 373 1387 vel
363 1348 404 1388 tta
424 1333 521 1407 ipsum
546 1330 621 1387 male
642 1329 790 1384 tractando
813 1329 848 1383 ab
871 1347 900 1382 sa
917 1327 1080 1398 alienatum
1102 1325 1165 1387 dti-

159 1433 268 1492 geram.
317 1467 320 1471 .

242 1524 373 1616 Γεμουύς
397 1526 470 1616 σῦχ’
501 1524 689 1614 εὑρίσκεται]
733 1533 855 1607 Propter
887 1531 1020 1587 inuidam
1050 1525 1205 1589 scilicetss
1294 1580 1299 1588 ι

129 1628 132 1635 ’
159 1618 383 1676 occultationem
412 1622 609 1677 sacerdotum.
640 1618 687 1675 διὰ
705 1619 737 1674 τύ
753 1617 886 1690 μυστικόν
902 1637 949 1672 και
942 1615 1163 1688 δυςμιτύύοτον

161 1696 260 1801 αὐτῶν,
279 1719 313 1761 vt
328 1724 393 1760 cum
410 1704 549 1761 Strabone
565 1703 729 1780 loquar.

242 1809 529 1883 Κατασκευιισαιεν
549 1813 731 1909 τῆιιατριύι
749 1811 1016 1893 διδασκαλεῖον]
1006 1815 1159 1872 Iamblich·
1183 1826 1203 1884 9
1291 1877 1294 1883 ,

148 1903 227 1978 ···Cap
245 1917 274 1972 5
294 1908 386 1975 Num.
405 1892 452 1963 26.
473 1907 521 1960 καὶ
536 1905 707 1979 πρῶτονμὲν
727 1901 919 1976 ὃιατριβὴνιν
937 1905 970 1977 τῇ
986 1887 1071 1958 πόλει
1081 1919 1163 1955 κατι-

156 1988 322 2055 σκιυύσατο,
344 1992 521 2064 Πυθαγόρου
536 1987 734 2062 καλούμενον”
719 2007 758 2043 ιιι
773 1989 820 2040 καὶ
837 1991 885 2042 νῦν
900 1983 1108 2059 ἡμικύκλιον,
1095 1973 1162 2060 saci

156 2072 205 2126 νύν
226 2069 276 2141 (οἱ
226 2073 312 2141 (ι.
326 2073 403 2147 leg.)
422 2075 524 2145 Σάμιοι
540 2077 603 2149 cept
618 2075 669 2130 τῶι
685 2073 779 2128 κοινῶν
791 2072 978 2141 βουλεύονται,
997 2073 1160 2143 νομίζοντες,

153 2159 220 2230 περὶ
235 2158 287 2213 τῶν
300 2159 386 2215 καλῶν
402 2161 449 2214 καὶ
465 2162 517 2214 τῶν
534 2163 717 2233 ἕσμφιρύντοιν
733 2155 761 2211 ιι
779 2157 865 2228 τούτῳ
877 2158 913 2228 τῷ
925 2161 999 2232 τόπῳ
1015 2159 1162 2213 ποιεῖσθαι

156 2243 311 2316 (vitantes,³
297 2267 326 2301 ιι
344 2233 365 2318 ᾧ
381 2247 574 2305 κατεσκεύασεν
590 2250 606 2304 ὁ
622 2249 730 2309 πάντων
742 2245 924 2325 ποιησάμενος
937 2248 986 2323 τήν
996 2243 1160 2318 ἐπιμέλειαν.

151 2329 218 2390 Vbi
237 2330 311 2385 forte
332 2328 488 2404 legendum
509 2333 715 2402 κατεσκήνωσεν

232 2436 300 2506 {Art
300 2443 373 2529 ρον]
416 2449 461 2504 De
477 2469 564 2525 specu
579 2438 769 2523 Pythagorica
785 2410 847 2506 xiid.
864 2465 892 2506 et
908 2449 1061 2511 Iamblich.
1080 2448 1112 2508 C
1128 2463 1159 2520 5.

155 2531 246 2588 Num.
264 2544 313 2600 27.
335 2531 387 2587 vbi
400 2532 499 2588 Minoi
520 2534 602 2590 Iouis
621 2530 716 2587 lilio
707 2538 803 2607 ipsum
828 2534 955 2598 confert,
986 2531 1072 2612 qt(em
1094 2554 1159 2611 per·

153 2607 435 2756 ξέἔοῖιεὲῗιλιιοτ
425 2636 458 2673 ιιι
473 2636 556 2676 antro
571 2620 614 2674 IX
635 2637 725 2674 annos
745 2618 907 2681 habitasse,
940 2622 1068 2694 Iouique
1089 2640 1158 2696 ops·
1172 2623 1174 2626 ’

239 2795 390 2885 Γεγουότα
409 2797 440 2866 δ’
459 2803 536 2866 ἐτῶν
555 2794 605 2884 μ’]
647 2808 679 2864 Si
695 2827 799 2864 rerum
819 2826 877 2873 ιιι.
906 2809 988 2886 quod
1003 2807 1156 2864 lamblich.

74 2960 79 2966 ι
157 2888 259 2945 scribit
281 2893 360 2946 dicto
384 2911 408 2946 c.
425 2903 452 2959 5.
476 2892 668 2966 Pythagoram
689 2913 725 2950 ex
744 2896 921 2970 Aegyptiace
940 2911 969 2949 et
989 2892 1053 2948 aliis
1076 2911 1157 2967 perc·

89 3008 116 3043 =.
155 2974 370 3047 grinationibus
386 2974 502 3031 Samum
520 2977 659 3040 rediisse,
692 2998 760 3034 eum
779 2981 838 3034 iam
859 2982 928 3037 LVI
949 2992 1063 3053 praeter
1086 2994 1156 3050 pro.-

155 3064 221 3130 pter‘
239 3077 326 3115 anuos
347 3077 430 3117 natus
450 3077 542 3125 esset,
564 3081 625 3118 non
639 3061 1022 3137 video,qua1arionebic
1042 3059 1156 3116 dicatur

156 3136 251 3194 idem
260 3161 348 3198 annos
369 3161 478 3200 tantum
497 3146 552 3199 XL
574 3163 658 3201 natus
681 3150 798 3203 Samum
819 3147 981 3222 reliquisse.
1024 3146 1157 3201 Fortasse

156 3241 368 3303 corruptumst
385 3249 540 3310 numenque
564 3233 669 3305 quod
661 3251 692 3311 ιιι
707 3233 786 3288 notis
803 3248 847 3286 est
865 3231 1010 3307 procliue

243 3333 376 3421 Τὴντοιι
360 3337 607 3428 Πολυκράτους
626 3341 786 3429 τυραννίδα
804 3346 1028 3429 συντονωτέραν
1042 3329 1157 3425 οὖσαν]
1240 3398 1244 3407 ι

154 3431 201 3484 Dc
224 3427 320 3482 eadem
342 3430 409 3504 fuga
429 3433 608 3509 Pythagorae
632 3454 669 3488 ex
690 3436 780 3509 patria
805 3438 907 3498 Samo,
944 3451 1079 3513 oppressa
1102 3450 1156 3508 per

154 3492 343 3587 tyrannidem
361 3514 536 3588 Polycratis,
573 3534 641 3592 post
664 3518 847 3591 incredibilis
868 3518 1016 3574 felicitatis
1035 3517 1157 3573 breuem

155 3615 271 3654 vauram
290 3599 440 3652 tandem'
431 3618 462 3654 ιιι
486 3619 600 3658 crucem
620 3602 690 3665 acti,
722 3600 840 3660 scribit
845 3606 930 3660 ctiam
947 3605 1009 3658 Dio
1027 3602 1155 3676 Chryso·

155 3698 266 3737 atomus
289 3680 368 3738 Orat.
388 3691 440 3756 47.
464 3686 547 3739 cuius
570 3685 657 3741 verba
674 3687 798 3743 referam
824 3689 908 3743 inira.
959 3689 1031 3743 Eam
1054 3687 1155 3762 fugam

157 3767 225 3821 satis
242 3765 356 3822 sinistre
371 3782 456 3841 atquc
470 3768 573 3840 inique
587 3769 794 3844 interpretatur
814 3770 1013 3844 Tertullianus
1035 3771 1088 3829 lib.
1111 3773 1155 3828 Da
1219 3830 1225 3849 ¹

151 3850 254 3904 Anima
276 3869 299 3904 c.
318 3864 368 3918 51.
393 3851 476 3926 quasi
494 3851 606 3908 scilicet
620 3855 785 3927 exignauia
796 3874 879 3909 mera
895 3857 1033 3930 fugisset,
1064 3876 1168 3931 onera.
1203 3889 1213 3901 ·

152 3931 256 3988 bellica
272 3939 447 3992 detrectante
468 3956 525 4010 qua
546 3935 578 3989 in
600 3956 632 3991 re
649 3935 737 4010 longe
756 3939 929 3994 dissimilem
947 3961 978 4009 se
994 3943 1154 3999 ostenderit

151 4017 320 4094 Euphorbi,
350 4021 546 4077 cuius‘tamen
564 4022 596 4074 ιιι
610 4021 792 4097 remigrasse
812 4025 937 4082 animam
958 4027 1108 4084 dictitabat
1123 4041 1152 4082 ct
