2656 4672
352 297 422 357 nu
449 291 589 353 vrrs
616 294 1006 354 rrrnaconan.
1132 277 1196 378 93

185 491 306 558 vero,
334 488 428 538 cum
450 467 504 537 ad
523 463 665 540 vrbem
679 462 948 556 accessissent,
970 442 1135 569 sparsim
1149 465 1195 543 in
1292 512 1308 531 α

143 678 148 689 ι
186 586 354 665 ciuitate
379 584 640 684 interemptos
665 582 805 689 fuisse:
828 576 1102 688 Pythagoram
1119 609 1205 661 aus*

91 706 94 711 ’
128 708 132 727 “
183 730 287 801 tem,
316 704 612 807 comprehensis
638 703 791 801 amicis,
823 705 998 807 primum
1018 705 1064 781 in
1087 708 1205 783 Cau·'

132 863 143 872 ·
183 828 297 904 lonio
323 848 449 929 portu
472 847 697 922 seruatum,
734 808 831 901 inde
855 829 1013 904 Locros
1037 806 1197 906 rursum

183 978 225 1027 se
252 949 480 1025 contulisse.
538 949 763 1037 Locrenses,
791 938 927 1024 autem·
953 976 1005 1040 ex
1029 934 1196 1025 seniori-

183 1077 259 1148 bus
285 1071 444 1172 aliquot
472 1073 525 1142 ad
555 1064 697 1142 limites
724 1095 822 1170 suae
853 1069 1027 1176 regionis
1050 1062 1198 1147 misisse
1253 1076 1255 1085 '

183 1212 519 1299 percunctatum:
568 1211 696 1290 atque
734 1188 823 1264 illos
860 1190 919 1264 his
951 1190 1083 1270 verbis
1118 1189 1198 1293 ipsi

182 1312 453 1417 respondisse:
486 1312 570 1386 Nos
595 1309 780 1418 quidem,
815 1336 841 1386 o
866 1314 1119 1417 Pythagora,
1148 1328 1197 1387 ‘te

182 1438 317 1516 virum
341 1433 564 1535 sapientem
586 1452 627 1506 et
649 1433 786 1535 magni
805 1433 957 1538 ingenii
980 1459 1061 1509 esse
1078 1433 1196 1509 audi-

181 1560 334 1637 vimus:
351 1559 433 1657 ted
458 1555 501 1628 iu
527 1552 682 1657 legibus
707 1555 852 1630 nostris
877 1543 978 1634 nihil
1001 1555 1196 1641 habemus
1255 1557 1260 1570 ’

183 1686 299 1785 qpod
321 1675 565 1778 reprehendi
586 1675 728 1775 possit:
754 1676 1014 1779 ideoqueeas
1033 1698 1196 1751 seruarc

184 1801 435 1881 conabimur.
494 1797 566 1870 Tu
591 1822 691 1873 vero
717 1797 798 1872 alio
825 1818 1078 1903 quocunque
1103 1800 1196 1898 pla·

144 1998 149 2004 .
182 1922 313 2000 cuerit
339 1918 470 2012 abim,
496 1938 670 2019 accepto
698 1943 723 1992 a
746 1919 928 2015 nobis,
900 1946 930 1996 s:
953 1943 1038 2020 quo
1059 1943 1217 2025 rerum,

180 2041 497 2151 necessariarum
520 2038 595 2113 tibi
623 2066 717 2116 vsus
750 2040 811 2116 sit.
868 2041 1030 2114 Relicta
1056 2060 1196 2114 autem
1283 2044 1286 2049 '

178 2141 262 2242 hoe
285 2167 409 2238 modo
435 2159 704 2237 Locrensium
736 2160 920 2255 ciuitate,
961 2153 1195 2235 Tarentum

178 2287 403 2390 nauigasse.
473 2281 658 2383 Cumque
692 2277 810 2358 isthic
843 2280 950 2356 idem
985 2281 1022 2356 ei
1056 2290 1193 2357 rursus

137 2473 142 2490 ,
180 2409 398 2498 euenisset,
433 2409 547 2504 quod
561 2386 771 2498 Crotone,
804 2405 1094 2504 Metapontum
1118 2425 1196 2480 ve-·

101 2508 107 2517 ⁸
178 2530 296 2611 uisse.
345 2523 510 2639 Vbique
536 2524 644 2598 enim
664 2547 838 2660 magnae
855 2524 1086 2600 seditiones
1090 2547 1192 2600 con

181 2653 435 2729 citabantur:
483 2668 656 2762 quarum
696 2646 842 2724 etiam
856 2670 971 2721 nunc
1005 2648 1192 2722 locorum

179 2775 342 2850 incolae
365 2767 602 2860 meminere,
631 2785 673 2841 et
697 2767 911 2843 seditiones
940 2790 1087 2842 contra
1109 2762 1193 2864 Py·
1246 2822 1250 2830 ,

131 2922 134 2931 ·
178 2901 419 2998 thagoreos,
464 2909 513 2966 vt
548 2908 723 3007 vocant,
771 2913 1085 2965 commemorare
1124 2911 1192 2963 so-

177 3021 278 3091 lent.
337 3008 582 3115 Pythagorei
607 3002 714 3084 enim
740 3011 999 3089 vocabantur
1026 3027 1116 3083 tota
1141 3007 1194 3081 il-

144 3149 146 3152 ’
177 3140 221 3210 la
250 3133 395 3228 factio,
439 3157 548 3233 quae
580 3132 837 3266 Pythagorae
873 3153 1010 3234 partes
1044 3153 1253 3231 seque-1⁴

154 3243 314 3333 hatur.
373 3251 632 3329 Caeterum
620 3277 665 3326 m
697 3245 985 3355 Metapontina
1008 3248 1201 3329 factione

178 3377 312 3479 ipsum
341 3377 613 3476 Pythagoram
646 3371 786 3448 obiisse
810 3375 973 3471 dicunt,
1016 3395 1109 3447 cum
1134 3356 1222 3443 ad‘

177 3498 389 3573 Musarum
413 3500 555 3568 aeden:
580 3495 838 3613 confugiens,
879 3478 1101 3570 amicorum
1124 3490 1189 3567 itt·

180 3617 277 3719 cpia
326 3606 600 3718 quadraginta
648 3616 737 3692 dics
774 3613 857 3692 illic
896 3608 1198 3715 permansisset.¹

160 3737 261 3841 'Alii
302 3758 440 3833 autem
473 3737 674 3831 referunt,
715 3761 808 3813 curn
840 3742 983 3811 domus
1013 3733 1102 3829 illa,
1142 3732 1189 3809 itt
1219 3805 1223 3816 ,

180 3875 308 3969 quam
331 3861 567 3961 frequentes
591 3878 911 3964 conuenerant„
930 3857 1026 3967 igne
1057 3855 1193 3952 deflet
