2656 4672
330 255 1021 397 nnvtrartruacouau.¹*¹
1067 282 1175 383 ‘119
1255 271 1280 318 ‘¹

226 439 232 451 .
455 440 457 451 .
683 418 706 445 κ

159 475 330 553 ratione.
387 474 620 555 ¹‚Prudentia
662 497 719 550 est
751 459 912 550 habitus
947 473 1095 577 eligens
1127 472 1173 547 id

161 603 275 697 quod
298 615 454 668 rectum
480 616 538 668 est
563 593 607 669 in
632 600 751 671 rebus
778 597 962 700 agendis..
994 593 1170 671 Scientia
1200 670 1206 680 ,

161 717 406 790 est·habitus
429 741 589 807 eorum,
631 743 739 817 quae
763 744 920 817 semper
946 722 1170 795 secundum

158 837 267 910 idem
292 860 418 936 atque
444 843 586 910 eodem
607 843 729 910 modo
751 865 792 912 se
807 843 971 914 habent.
999 836 1168 934 Sapien-
1274 885 1275 889 η

157 957 235 1049 tia,
281 957 501 1056 primarum
520 981 747 1030 causarum
787 960 978 1062 cognitio.
1040 962 1172 1049 Mens,
1212 1003 1219 1009 κ

142 1067 406 1179 'principium
432 1098 472 1150 et
499 1077 589 1150 lons
617 1077 796 1152 omnium
820 1080 1032 1154 bonorum.
1070 1139 1079 1161 χ

245 1199 361 1281 Τι’θε
396 1218 490 1272 sunt
530 1219 665 1298 partes
707 1199 946 1294 docilitatis3
994 1196 1167 1290 solertia,

116 1319 369 1410 memoria,
425 1343 597 1392 acumen
614 1311 798 1422 'ingenii
872 1319 1066 1412 Memoria
1108 1338 1168 1391 est

94 1451 100 1527 J
156 1461 290 1541 custos
317 1465 475 1530 eorum,
518 1465 626 1539 quae
652 1439 740 1539 quis
768 1440 919 1515 didicit.
977 1441 1166 1526 Acumen

154 1558 308 1662 ingenii
328 1581 386 1673 est
408 1561 601 1634 velocitas
619 1559 861 1663 intellectus.
908 1560 1076 1638 Solertia
1094 1579 1163 1650 est,
1239 1564 1242 1570 '
1283 1576 1290 1584 ·

130 1736 133 1743 .
148 1705 208 1753 ex
234 1681 277 1752 iis
294 1676 402 1780 quae
420 1681 509 1780 quis
526 1680 686 1776 didicit,
711 1684 760 1755 ea
773 1683 1027 1786 inuestigare,
1050 1703 1163 1779 quae

154 1789 241 1874 utin
269 1800 420 1873 didicit.

158 1986 165 1995 .
256 1922 359 1994 Tria
385 1942 479 1995 sunt
502 1946 610 2021 quae
635 1922 740 1997 coeli
764 1923 929 1997 nomine
957 1908 1161 1995 dicuutur.

153 2042 287 2122 Primo
300 2041 476 2142 ‘quidem
502 2041 588 2141 ipsa
614 2048 783 2142 sphaera
810 2042 1049 2130 inerrabilis,
1076 2039 1160 2112 siue
1182 2132 1185 2137 .
1247 2059 1260 2105 f

153 2163 470 2237 firmamentum:
513 2170 712 2255 secundo,
746 2163 936 2237 distantia
958 2162 1029 2236 illa
1051 2183 1160 2262 quae

154 2306 214 2360 est
242 2309 266 2359 a
292 2283 544 2357 firmamento
570 2309 699 2382 Vsque
724 2289 987 2379 adeunam:
1025 2277 1160 2373 tertio,

154 2405 364 2502 vniuersus
389 2409 585 2504 mundus,
629 2409 807 2498 coelum,
846 2405 1033 2506 inquam,
1073 2423 1160 2477 vna

127 2546 390 2609 xcumterra.

157 2697 168 2714 ..
251 2647 539 2740 Perfectiesima
554 2668 594 2720 et
609 2646 833 2738 deterrima,
850 2644 995 2746 inq'uit,
1013 2663 1164 2718 natura

156 2758 392 2866 comparata
412 2789 507 2841 sunt
526 2774 579 2840 ad
595 2794 749 2868 semper
765 2773 1038 2868 operandum:
1063 2770 1162 2838 deus

156 2887 318 2979 scilicet,
343 2911 387 2973 ,et
402 2893 580 2991 plantae.
618 2893 731 2964 Deus
747 2889 865 2982 enim,
893 2911 932 2962 et
949 2909 1162 2988 quaecun-
1184 2920 1186 2931 ·

156 3033 244 3106 qne.
260 3007 317 3080 illi
339 3010 524 3108 proxima
541 3032 652 3103 sunt,
680 3036 835 3111 semper
853 3031 1077 3111 operantur
1101 3029 1162 3076 se·

115 3181 128 3195 ·‚
154 3133 529 3205 cundummentem
544 3130 807 3205 etratiouem.
847 3135 1018 3204 Plantae
1041 3125 1162 3208 etiam

154 3274 311 3346 semper
327 3273 568 3349 operantur:
598 3252 839 3326 nutriuntur
859 3255 964 3326 enim
980 3268 1104 3323 nocte
1119 3265 1161 3318 et
1190 3254 1209 3295 κ’
1263 3339 1265 3342 Υ

155 3371 238 3442 die:
266 3374 334 3442 sed
349 3397 426 3445 nec
441 3377 575 3467 h0m0‚
598 3398 677 3447 nec
694 3376 816 3460 bruta
830 3371 1051 3488 animantia
1067 3386 1160 3468 per-

154 3512 282 3591 petuo
305 3515 546 3588 operantur:
572 3521 669 3568 nam
690 3499 823 3571 medio
839 3499 962 3572 ferme
977 3511 1167 3588 tempora¹
1226 3505 1229 3508 ”

156 3610 380 3702 dormiunt,
409 3633 449 3685 et
474 3616 700 3712 quiescunt.
1060 3702 1063 3714 .

255 3730 402 3804 Graeci
423 3735 597 3808 moribus
622 3763 778 3837 semper
799 3738 1052 3811 antecellunt
1068 3735 1160 3807 bar·

153 3855 289 3928 baros:
317 3853 414 3953 quia
437 3875 700 3952 temperatam
717 3860 857 3930 mundi
872 3857 1075 3960 regionem
1098 3853 1161 3925 in-
1227 3941 1228 3945 Ἰ

156 3978 309 4061 colunt.
343 3976 516 4074 Scythae
534 4001 644 4069 vere,
672 3998 712 4051 et
726 3977 957 4080 Aethiopes,
985 3998 1161 4077 quorum

1251 4028 1294 4069 „1
