2656 4672
321 319 392 415 nn
420 311 558 374 vira
585 309 979 371 arruAnoaAn.
1041 299 1181 392 <1072

152 479 297 575 borum
320 447 536 561 diuinare
524 479 703 582 incipitr·
699 481 852 561 multo
869 504 966 612 sane
981 478 1030 554 fit
1043 502 1166 582 prae-
1221 571 1226 579 .

124 682 130 695 „
154 600 347 741 stantior,
372 604 445 680 vbi
469 601 634 728 penitus
649 627 684 678 a
710 625 883 703 oorpore
893 578 1162 708 seiungitur„

248 835 495 944 Pythagorei
509 797 968 940 vnitatemrpriincipium
984 796 1166 922 omniunt
1209 926 1231 953 ,Q

152 980 288 1032 rerum
320 964 543 1064 vocabant.
606 964 812 1037 Punotum
838 960 945 1037 eni‘m
970 959 1167 1045 dicebant

153 1101 235 1152 esse
265 1079 513 1182 principium
546 1081 698 1175 lineae,
739 1081 889 1157 lineam
925 1078 1168 1183 superficiei,
1205 1093 1209 1114 ¹

152 1199 406 1298 superficiem
431 1203 643 1304 tripliciter
664 1202 836 1297 extensi,
862 1202 947 1286 siue
970 1200 1167 1303 eorporis,

150 1317 264 1394 Ante
288 1322 423 1423 ipsum
448 1350 548 1401 vero
573 1347 778 1426 punctum
802 1324 936 1401 vnitas
961 1348 1165 1425 praecona¹
1200 1321 1205 1334 ”

78 1442 82 1449 “
153 1437 314 1542 cipitur.
385 1446 522 1544 Quare
558 1442 828 1547 principium
846 1455 1067 1546 corporum
1097 1445 1167 1519 'est
1231 1521 1233 1526 .

152 1563 310 1659 vnitas3
331 1587 377 1640 et
402 1566 539 1642 omnia
565 1593 742 1668 corpora
761 1585 820 1642 ‘ex
843 1567 1004 1644 unitate
1030 1587 1166 1647 ortum

154 1688 326 1766 ducunt.
894 1710 898 1718 '
974 1762 977 1768 .
1089 1754 1109 1786 .,
1159 1756 1162 1772 .

201 1796 203 1800 ’
254 1808 380 1882 Iidem
406 1810 458 1882 ab
481 1808 665 1884 animatis
692 1809 969 1909 abstinebant,
994 1828 1166 1910 propter
1215 1853 1218 1860 ·

117 2007 122 2019 x
154 1915 547 2033 transmigralionem
588 1930 830 2024 animarum,
873 1957 1000 2031 quam
1034 1934 1170 2017 stulta

157 2050 354 2150 opinione
380 2076 524 2151 ,veram
552 2050 843 2147 existimabant.
904 2054 1016 2126 Tum
1050 2054 1167 2151 quod.
1281 2062 1285 2069 ’

152 2169 400 2245 huiusmodi
408 2170 488 2245 oibi
513 2192 689 2269 mentem
714 2177 890 2247 reddant
916 2171 1166 2247 crassiorem:

154 2317 209 2367 eo
230 2298 343 2393 quod
366 2292 535 2374 nimium
555 2293 797 2369 nutrimenti
791 2316 946 2394 atque
974 2276 1167 2397 digestio·

153 2404 217 2489 nis
256 2407 486 2514 praebent
531 2415 568 2488 F
568 2413 652 2488 abis
691 2440 861 2516 quoque
902 2418 956 2490 ob
994 2411 1196 2513 eandem

155 2559 321 2610 oausam
349 2533 630 2628 abstinebant,
663 2542 778 2636 quod
804 2537 949 2612 inflent
973 2557 1014 2610 et
1040 2531 1170 2668 pluri·
1265 2585 1271 2588 -

153 2660 264 2733 mum
296 2655 493 2731 nutriant.
551 2656 630 2752 Sed
664 2677 705 2729 et
733 2661 870 2758 plures
903 2657 1000 2732 alias
1027 2622 1168 2748 oatisas

155 2776 355 2871 afferunt,
382 2778 436 2851 ob
463 2796 565 2877 quas
589 2779 777 2852 fabarum
801 2805 872 2853 esu
897 2777 1129 2854 abstinent.¹
1179 2852 1182 2859 ,
1295 2811 1298 2826 ·

70 2901 71 2907 ’
152 2938 158 2965 ι
256 2897 434 2972 Plurima
464 2900 736 3011 Pythagoram
755 2894 1014 3005 ¹praedixisse
1036 2897 1170 2997 aiunt,
1204 2930 1207 2935 ·

155 3041 198 3097 et
233 3017 371 3095 omnia
402 3016 617 3097 euenisse.¹
652 3020 953 3121 Philosophiam
980 3039 1168 3121 contem-
1242 3064 1245 3069 -

107 3182 113 3197 ι
154 3141 354 3249 platinam
386 3162 428 3215 et
461 3144 692 3227 naturalem
715 3144 930 3219 Platonem
959 3141 1168 3235 aPytha-
1262 3140 1270 3157 '

154 3259 287 3369 goreis
310 3259 500 3345 inItalia
524 3262 703 3345 didicisse
725 3265 884 3336 ferunt:
922 3263 1117 3335 moralem
1142 3283 1170 3332 a
1198 3260 1204 3265 ’

155 3387 334 3520 Socrate·
393 3385 566 3489 Logices
583 3411 696 3469 ‚vero
724 3382 876 3458 semina
902 3401 943 3455 et
966 3377 1171 3482 principia

91 3542 99 3556 ·
151 3506 195 3581 ei
221 3501 428 3580 commissa
459 3508 593 3582 fuisse
610 3534 636 3602 a
665 3510 835 3581 Zenone
862 3525 904 3578 et
928 3499 1180 3595 Parmenide'

156 3622 328 3704 Eleati's·
365 3624 438 3733 qui
473 3627 514 3702 et
545 3629 621 3729 ipsi
653 3653 704 3702 ex
737 3629 993 3729 Pythagorae
1028 3623 1170 3775 schola

157 3747 332 3851 profecti
359 3768 466 3822 sunt.
1180 3750 1192 3766 ‘

259 3864 401 3962 Visus,
420 3895 472 3945 ex
498 3875 766 3972 Pythagorae,
792 3819 986 3962 Platonis,
1011 3886 1052 3942 et
1076 3861 1172 3951 Ari-

155 3991 309 4101 stotelis
336 3992 560 4099 sententia,
592 3989 752 4093 iudicat
779 3994 831 4061 de
856 3981 1073 4064 duodecim
1098 4011 1171 4060 oo·
