2656 4672
545 233 550 250 p
602 212 616 245 1

102 282 107 293 ’
191 295 239 381 ili
334 361 342 383 ,
505 290 873 414 'rour'urnrns

184 485 260 572 nair
287 487 547 589 Πνθιννόρννι
564 486 855 586 ἀποδεξάμενον
880 489 956 565 aar
981 494 1202 590 Amantiam

122 610 125 622 '
188 605 317 708 ἱερέων
343 611 412 702 τὴν
438 608 606 707 ἀγωγὴν,
631 607 907 687 enuntiatarum
931 641 973 687 re
995 635 1202 719 μετασχεῖν

875 720 881 738 l
968 728 977 753 r

274 819 471 877 excruciantur.
497 817 535 872 Τὸ
553 810 773 893 δνσπρδὶῖὸνκτον
790 805 1006 890 Aegyptiorum
1021 822 1203 900 Pythagoras

194 968 198 980 .
273 903 338 977 ipse
362 918 461 977 postea
479 903 609 957 imitatus
625 902 692 963 fuit,
716 918 787 956 teste
806 901 969 958 Iamblicho
990 904 1043 961 lib.
1060 892 1083 963 l.
1107 930 1131 967 e.
1153 930 1199 982 ¹7·

274 972 497 1063 pui¹postquam
515 982 663 1048 indolem,
687 978 788 1058 genusi
812 1003 967 1059 moresque
983 988 1200 1066 distipulorum

274 1071 328 1125 diu
348 1069 535 1146 multumque
559 1069 753 1144 explorasset,
791 1071 954 1124 triennium
975 1073 1123 1148 integrum
1148 1101 1199 1136 nos

203 1156 225 1222 J
274 1154 387 1211 solebat
414 1157 553 1216 reiicere,
589 1169 623 1208 vt
646 1154 837 1208 constentiam
867 1153 1042 1226 probaret2'
1063 1152 1197 1220 admississ

185 1274 188 1279 -
272 1243 389 1294 tandem
409 1240 443 1295 in
465 1238 693 1308 contubernium
708 1238 910 1310 quinquennii
927 1238 1076 1295 silentium
1095 1237 1130 1307 ὡς
1144 1266 1199 1313 χα-

250 1322 428 1398 Ιλϋῐὼτοιτον
451 1321 621 1394 ἔγκράῑενμα
646 1319 827 1392 iniungebat.
882 1323 1012 1396 Eamque
1043 1341 1197 1382 consuetu·
1228 1376 1234 1385 ,

270 1404 370 1462 dinem
401 1425 416 1458 a
443 1403 592 1477 mysteriis
620 1401 785 1479 translatam
815 1403 904 1458 fuisse
936 1425 1070 1482 expresse
1092 1408 1194 1468 n'otat:

270 1512 345 1567 quae
372 1490 405 1543 in
432 1488 615 1561 reliquorum
639 1487 743 1542 deinde
764 1487 1016 1561 philosophorum
1040 1512 1071 1547 ac
1092 1495 1194 1569 sophi·

271 1591 381 1632 starum
400 1573 529 1649 scholas,
551 1571 674 1625 Athenis
696 1572 882 1644 praesertim,
905 1575 1018 1648 recepta
1040 1577 1104 1633 luit.
1148 1581 1197 1638 Aa

267 1656 445 1715 huiusmodi
474 1656 553 1712 enim
579 1654 770 1715 κακοπαθείας
799 1651 1028 1719 referendum‚‘
1049 1664 1130 1734 quod
1159 1664 1194 1721 de

267 1743 374 1803 balneo
403 1757 432 1797 et
457 1739 549 1816 pallio
574 1736 997 1814 sophistico>01ympiodorus
1020 1747 1095 1819 apud
1119 1745 1195 1804 Pho·

268 1832 346 1887 tium
378 1828 442 1883 cod.
468 1835 517 1893 80.
548 1841 576 1878 et
597 1823 684 1895 Greg·
709 1823 787 1887 Naar
813 1822 896 1883 Orat.
926 1824 959 1880 in
983 1828 1193 1891 Basilium'M.

269 1910 419 1971 scribunt:
446 1928 503 1984 que
526 1908 561 1962 de
582 1913 613 1960 r‘e
634 1905 779 1961 videndus
800 1905 854 1965 Vir
878 1907 921 1964 cl.
945 1913 1049 1986 Herib.
1073 1917 1195 1972 Roswe.

175 2061 176 2064 Ἴ
269 1999 323 2054 (lus
346 1995 381 2048 ad
404 1994 456 2050 lib.
479 1994 531 2051 Vl.
556 1993 591 2046 de
611 1990 684 2045 Viris
704 1991 828 2045 Petrum.
871 1995 907 2047 In
929 1996 1193 2068 quibusdameer.

181 2090 184 2096 “
266 2079 380 2139 maniae
403 2078 567 2135 Academiis
591 2072 701 2130 similes
730 2075 806 2130 ritus
830 2094 897 2130 cum
918 2079 990 2154 ipsis
1011 2080 1123 2145 literis,
1160 2087 1193 2143 ni

267 2160 341 2243 quid
362 2162 465 2228 fallor,
497 2159 660 2216 introducti
679 2151 872 2233 pertiua'eiterv
886 2163 1067 2230 retinentur,
1105 2188 1193 2242 quam

186 2244 189 2254 ¹
267 2244 483 2325 depositionem
513 2242 606 2318 uulgo
632 2259 757 2312 vocant:
795 2260 858 2298 tum
886 2263 1041 2320 proteruus
1070 2252 1192 2308 diuersa

218 2390 221 2394 .
266 2336 381 2393 tiones,
406 2331 513 2404 quibus
536 2346 611 2383 arrno
632 2327 749 2399 integro
765 2324 943 2386 recentiores
959 2332 1109 2388 literarum
1125 2356 1192 2392 can·

266 2418 361 2474 diditi
383 2437 398 2469 a
418 2412 657 2490 prouectioribus
684 2411 875 2483 exagitantur.
928 2416 1008 2488 Quin
1031 2432 1060 2471 et
1080 2438 1190 2475 merce.

264 2518 365 2559 torum
394 2497 518 2572 collegia
547 2492 690 2551 nonnulla
718 2495 750 2548 in
783 2498 1005 2569 septentrionali
1034 2503 1190 2561 Germania

176 2629 178 2635 .
261 2583 441 2663 persimiles
460 2581 672 2658 suppliciorum
687 2572 809 2654 gradus,
832 2577 920 2654 flagra
933 2583 1065 2656 inquam.
1087 2588 1188 2660 ignem

261 2686 292 2726 et
316 2689 419 2744 aquam
444 2667 552 2724 tirones
581 2663 737 2737 recipiunt.
797 2663 853 2718 Sed
877 2681 911 2720 vt
932 2667 967 2725 ed
991 2669 1188 2745 Pythagoram

260 2758 431 2817 redeamus3
464 2753 497 2806 in
518 2751 599 2805 hisce
620 2748 829 2825 probationum
849 2748 1005 2822 generibus
1033 2753 1205 2819 circumci-¹

259 2840 375 2896 sionem
393 2856 511 2912 quoque
529 2835 563 2889 ab
586 2853 621 2888 eo
646 2848 807 2906 susceptam
830 2849 966 2888 autumo:
992 2834 1072 2910 quod
1090 2839 1185 2902 Glem.

259 2924 416 2979 Alexandr.
442 2924 466 2976 1.
500 2925 606 2976 strom.
632 2916 778 2971 testatur.'
816 2918 969 2972 Caeterum
996 2923 1185 2980 nouaclum

259 3006 437 3083 philosophi
465 2990 653 3080 probitiones
678 3000 763 3079 hasce
784 3000 816 3054 in
838 3021 901 3056 suas
925 3002 1038 3060 scholas
1061 3000 1186 3064 transtu·

193 3137 196 3143 .
231 3118 233 3122 ⁴
258 3091 375 3155 leruntr
412 3091 463 3148 sed
485 3087 627 3145 nascentis
648 3083 795 3141 Ecclesiae
825 3085 1009 3160 temporibus
1031 3088 1064 3145 in
1084 3110 1185 3148 mona·

189 3224 194 3233 ,
252 3175 384 3233 ‘chorum
414 3195 533 3250 quoque
562 3170 705 3228 coenobia
730 3190 784 3245 per
812 3168 985 3225 interiorem
1015 3176 1184 3250 Aegyptum
1239 3205 1241 3212 ·

256 3277 389 3336 receptae
419 3261 546 3315 luerunt.
598 3255 690 3311 Cuius
718 3255 763 3309 rei
787 3270 889 3311 testem
913 3254 1061 3312 oculatum
1082 3258 1182 3326 habes,

255 3347 357 3401 Ioanu.
381 3346 549 3405 Cassianum
568 3341 622 3398 lib.
643 3341 692 3399 lv.
709 3328 842 3402 institut.
865 3357 890 3393 c.
908 3353 937 3407 ὅ.
963 3341 1096 3398 Ambiunt
1110 3348 1181 3421 quis,

254 3431 372 3503 inquit,
405 3433 435 3484 in
457 3427 583 3484 coenobii
603 3427 688 3500 recipi
709 3422 888 3497 disciplinam
905 3443 962 3481 non
983 3441 1048 3483 ante
1069 3448 1181 3503 prorsus

254 3515 430 3578 adorabitur,
459 3533 541 3588 quant
562 3510 657 3565 diebus
678 3511 769 3564 decem
791 3510 837 3564 uel
855 3528 889 3563 eo
904 3513 1025 3585 amplius
1042 3530 1095 3586 pro
1108 3511 1181 3584 fori·

254 3597 304 3650 bus
332 3599 467 3654 excubans
496 3598 627 3654 indicium
658 3596 878 3668 perseuerantiae
905 3616 938 3649 ac
968 3597 1100 3650 desiderii
1125 3600 1179 3660 sui,

253 3685 414 3757 pariterque
428 3683 593 3738 humilitatis
608 3699 640 3751 ac
652 3679 809 3753 patientiae
826 3677 952 3740 dederit,·
976 3681 1089 3734 'iniuriis
1112 3701 1180 3755 quo·

254 3785 306 3839 que
331 3779 358 3820 et
379 3758 637 3842 exprobrationibus
658 3763 753 3816 ntultis
769 3760 885 3834 affectus
899 3766 1117 3838 experimentum
1132 3764 1180 3818 de·

183 3884 205 3906 .·
250 3850 326 3903 derit
348 3855 522 3907 constantiae
543 3868 625 3904 suaet
653 3848 798 3923 qualisque
808 3846 922 3920 futurus
943 3850 982 3902 tit
1000 3849 1030 3899 in
1046 3849 1179 3902 tentatio·

248 3933 332 3990 nibus
348 3937 561 4012 opprobriorum
576 3922 727 3987 tolerantia
742 3932 934 3987 declaraverit.
977 3929 1058 3986 Dein
1073 3948 1134 4006 cap.
1148 3946 1176 3998 7.

159 4022 161 4031 ’
226 4018 291 4101 ¹ait
315 4016 370 4075 hec
396 4016 613 4098 perseuerantis
646 4014 879 4092 comprobatum
903 4014 1085 4091 non'statim
1107 4033 1176 4070 con·
