2656 4672
148 276 200 360 AS
437 256 831 346 ‘ronrurrttus
868 336 874 345 ,
916 306 919 311 ·

67 461 442 564 ‹nnampldnovu
500 457 628 560 δι’όιιερ
648 456 701 539 'ir
728 493 767 538 τι
799 463 874 540 τῶν
905 451 1158 566 ααρ”αὐτοῖς
1178 541 1179 544 ,
1196 484 1219 573 J
1246 548 1249 555 ,

235 663 343 724 similis
366 663 515 719 bonorum
540 664 727 727 communio,
756 654 816 718 n'on
837 664 1158 741 introducta‘postmo·
1224 697 1227 715 ι

146 736 150 747 ’
235 749 323 810 dum.
357 747 408 803 sed
428 766 485 802 vna
509 765 576 800 cum
597 745 773 821 religione'
764 766 827 820 apsa
846 765 909 804 nata
929 751 1064 815 ridetur.
1088 772 1157 808 cum

236 851 351 890 certum
368 832 407 887 sit
424 830 576 888 Christum
596 848 772 886 seruatorem
788 850 920 888 nostrum
931 854 1005 897 cum
1028 835 1157 911 discipu·
1229 832 1234 841 ’

147 978 150 983 ,
235 918 274 975 lis
296 918 357 972 suis
381 932 497 970 externa
515 913 593 968 vitae
607 912 733 971 subsidia
748 918 912 972 communia
927 900 1072 975 habuisse.
1106 926 1157 976 At·

188 1065 191 1069 ¹
236 1023 295 1076 que
311 1001 390 1056 idem
406 998 575 1074 primitiuae
584 996 758 1054 Ecclesiae'
749 1003 927 1075 metitutunp,
949 1021 1042 1058 sacrae
1056 996 1157 1061 literae

237 1085 371 1140 disertim
386 1100 535 1159 testantur.
567 1083 658 1138 Cuius
673 1084 890 1140 communionis
904 1106 990 1149 rsus.
1012 1083 1062 1142 vel
1076 1091 1157 1144 simi·

235 1170 350 1231 litudo,
371 1166 536 1222 remittente
558 1166 706 1222 charitatis
728 1167 860 1232 feruore.
884 1170 960 1224 inter
980 1170 1059 1227 solos
1081 1194 1156 1230 asce-

236 1256 311 1310 ticos
327 1251 473 1308 remansit.
516 1251 579 1308 Nec
596 1250 791 1306 dubitauerim
807 1251 954 1316 affirmare.
970 1259 1157 1313 communio·

178 1321 192 1351 ’ἶ
227 1329 305 1402 7ιιιιιίι
322 1335 403 1392 illam
421 1353 481 1389 non
496 1335 592 1390 minus
614 1333 767 1408 religionis
789 1353 919 1402 nostrae,
946 1358 1032 1414 quem
1049 1342 1155 1414 Pytha·

236 1422 353 1498 goricae
373 1418 488 1475 scholae
509 1419 730 1474 fundamentum
747 1439 822 1485 esset
854 1422 907 1497 qui
921 1425 1090 1498 proximum
1107 1447 1156 1483 eo·
1223 1428 1226 1433 ’

238 1507 304 1562 dem
319 1505 438 1560 unionis
450 1503 554 1558 effectu
570 1523 630 1577 quo
644 1501 838 1581 nosmetipsos
849 1504 987 1582 prosequi
999 1508 1154 1580 iubemur}

188 1592 191 1603 “
238 1607 268 1647 et
283 1591 430 1646 bonorum
454 1604 511 1642 tam
532 1606 711 1662 possessores
735 1608 820 1661 quem
841 1591 1050 1664 dispensatores
1067 1615 1082 1648 a
1099 1596 1154 1650 deo

236 1688 292 1731 nos
308 1671 482 1730 constitutos
505 1672 664 1732 credimus.
688 1687 716 1726 et
726 1673 804 1747 piam
824 1694 889 1748 erga
907 1674 980 1730 alios
996 1676 1154 1733 liberalita-

182 1822 187 1827 ,
237 1775 297 1814 tem
314 1756 505 1832 professionis
519 1772 633 1810 nostrae
649 1772 749 1833 caput.³
771 1777 803 1813 ac
817 1759 955 1814 virtutem
970 1763 1156 1838 praecipuam

155 1904 158 1911 ,
236 1843 385 1918 ponimus·
417 1839 479 1896 Nec
498 1861 563 1896 sane
580 1838 664 1894 aliam
682 1841 826 1916 originem
846 1863 1016 1919 causamque
1031 1861 1074 1901 tot
1088 1848 1155 1921 piae

236 1926 423 1982 fundationes
438 1923 560 1987 habent,
583 1941 611 1980 et
626 1938 670 1979 tot
684 1927 799 2000 egregia
816 1926 961 1985 charitatis
972 1926 1155 1986 Christianae
1234 1968 1237 1975 ,

235 2025 444 2072 monumenta,
469 2009 575 2083 quibus
591 2008 697 2082 religio
718 2027 814 2065 nostra
829 2031 896 2085 prae
913 2014 1032 2070 caeteris
1048 2012 1156 2087 gloris-

160 2108 163 2113 '
237 2111 296 2150 tur·
348 2094 403 2149 Sed
429 2092 487 2149 hoc
513 2093 632 2150 fortasse
653 2100 695 2148 e'st
719 2091 785 2170 ὑπὲρ
804 2095 926 2166 βαθμῶν
946 2092 1019 2152 πόδα
1042 2095 1159 2170 ῥίπτειν)

233 2179 319 2234 iuxta
339 2178 531 2255 prouerbium
553 2180 738 2233 Graecorum.
771 2179 816 2241 ,Id
836 2180 967 2255 proiecto
981 2201 1073 2242 ¹nemo
1088 2181 1154 2237 inh-

237 2263 295 2318 cias
315 2264 421 2326 inerit,
451 2261 648 2336 Pythagoreos
665 2263 900 2337 quamproxime
920 2264 1152 2340 adreligionem

235 2364 366 2404 nostram
386 2345 440 2400 hac
456 2346 602 2400 bonorum
618 2349 824 2402 communione
846 2349 1011 2413 accessisse.
1040 2351 1066 2405 si
1086 2352 1153 2424 quis

236 2450 269 2485 es
293 2431 370 2506 legat
394 2451 466 2502 quac
482 2429 657 2485 lamblichus
679 2428 730 2483 lib.
746 2435 769 2487 1.
793 2451 852 2507 cap.
871 2446 919 2499 55.
941 2432 1051 2489 retulit.
1082 2435 1154 2510 Epi·

222 2534 340 2579 ‘curum
363 2514 591 2587 Pythagoricum
614 2514 703 2570 hoe
693 2516 860 2571 institutum
868 2517 1052 2614 improbasse
1069 2535 1153 2576 testa·

235 2613 286 2653 tur
295 2594 433 2655 Laertius
450 2598 502 2654 lib
516 2600 553 2654 X.
575 2600 656 2673 quod
671 2617 730 2654 non
745 2617 801 2655 tam
819 2600 978 2656 amicorum
994 2623 1079 2677 quam
1097 2603 1153 2658 dif-

237 2672 392 2739 fidentium
407 2683 437 2736 id
455 2702 515 2738 esse
531 2683 690 2739 videretur.
723 2684 777 2740 Τόν
791 2704 818 2740 τι
831 2680 993 2758 Ἐπικοιιροτ
1007 2707 1044 2756 μη
1036 2682 1155 2747 ἀξιοῦν

236 2765 276 2830 εἰς
297 2769 329 2824 sd
347 2767 437 2825 κοινὸν
459 2768 668 2822 κατατίθεσθαι
683 2767 732 2832 τὰς
749 2764 860 2834 αὗσίας,
882 2768 1012 2842 καθάπερ
1029 2768 1076 2822 τὸν
1091 2776 1156 2822 Ilo*
1194 2812 1208 2831 .‚

236 2853 375 2928 θαγόραν,
393 2855 470 2910 κοινὰ
482 2854 517 2909 ιὰ
534 2855 684 2926 τῶνφίλων
700 2856 822 2927 λέγοντα.
847 2853 1030 2911 ἀπιστούντων
1042 2853 1097 2927 γὰρ
1114 2848 1156 2910 sl-
1202 2846 1206 2851 ¹

235 2941 436 3006 retromissa,
455 2936 479 2994 si
495 2935 523 2994 θ’
539 2936 672 3006 ἀπίστων,
691 2937 723 2996 οὗ
739 2940 833 3012 φίλων.
875 2936 966 2997 Cuius
986 2942 1152 3013 argumenti

236 3022 300 3077 vim
321 3042 382 3077 non
405 3023 471 3077 satis
493 3043 540 3077 me
561 3025 724 3098 perspicere
738 3025 843 3080 fateor:
869 3023 1054 3079 conferebant
1072 3026 1152 3083 enirn

179 3106 181 3111 ’
237 3125 287 3162 sus
303 3106 335 3162 in
351 3125 522 3169 commune.
549 3123 583 3162 vt
599 3109 735 3166 omnibus
757 3111 922 3183 promiscue
941 3107 1043 3161 vtendi
1061 3109 1152 3164 facul-

233 3205 277 3248 tas
301 3207 388 3254 esset.
419 3211 480 3246 non
494 3207 527 3250 vt
545 3191 658 3266 publica
679 3191 735 3248 fide
757 3192 884 3268 depositi
897 3192 988 3246 instar
1004 3211 1152 3250 seruatori·-

233 3291 298 3330 tur:
321 3294 386 3329 nam
411 3276 463 3350 qui
480 3276 562 3333 alteri
581 3275 700 3341 diffidit,
722 3292 756 3331 vt
772 3277 907 3332 Comicus
920 3273 1043 3338 Euclio.
1068 3277 1152 3336 domi

235 3378 286 3419 sua
300 3360 424 3435 premit,
448 3376 476 3415 et
491 3361 623 3416 draconis
639 3362 729 3417 instar
743 3359 822 3415 solus
841 3359 983 3417 thesauris
999 3359 1128 3418 incubat.

192 3473 247 3546 46)
266 3495 343 3554 μετα
364 3477 425 3538 τῶν
445 3469 581 3538 θεων
551 3497 605 3537 τοι
624 3465 834 3558 Πυθαγόραι]
881 3476 969 3538 Viros
992 3480 1154 3571 sapientiae

232 3560 319 3619 laude
348 3562 474 3619 celebres
502 3583 557 3637 pro
583 3563 640 3617 diis
664 3563 778 3618 habitos
806 3583 822 3616 a
844 3550 971 3619 rudiori
974 3552 1085 3638 vit‘lgo
1101 3566 1152 3621 vel

227 3644 441 3722 'ancipitris'
426 3647 492 3702 tuiti
495 3645 722 3706 sectatoribus,
751 3646 919 3709 Zamolxis.
950 3647 1070 3709 abaris.
1093 3649 1151 3706 Οι-

231 3730 319 3804 phei.
341 3733 427 3796 Lini,
452 3732 636 3805 aliorumque
660 3731 789 3806 exempla
807 3748 961 3789 testantur:
991 3747 1020 3786 et
1040 3735 1148 3789 Lucre·
1221 3778 1225 3791 ,

197 3810 202 3819 '
231 3814 290 3868 tius
307 3813 358 3870 lib.
374 3819 409 3875 V·
431 3816 545 3891 potiori
559 3817 624 3870 iure
648 3815 765 3872 diuinos
784 3817 911 3874 honores
928 3816 1082 3889 sapientiae
1104 3820 1165 3874 iu·.

232 3900 407 3955 ventoribus
430 3901 531 3958 deberi
553 3899 698 3964 ostendit,
722 3921 808 3975 quam
824 3902 934 3962 Ceteri,
956 3900 1079 3962 Baccho,
1099 3901 1151 3957 vel

231 3981 373 4049 Herculi,
408 4003 440 4041 se
464 3983 622 4044 similibus.
672 3986 719 4043 De
740 3985 901 4063 Pythagora
924 3983 1004 4039 idem
1029 3999 1151 4043 testatur
