2656 4672
693 223 696 231 ι
737 214 752 247 ⁴
847 219 854 230 r

767 254 771 265 t

770 268 775 277 t

269 342 273 361 ¹
323 349 393 401 nn
421 344 563 404 vrrA
592 341 987 402 rrrnAoonAn.
1059 427 1062 431 ἠ
1120 314 1173 402 '15
1240 304 1255 394 ⁵.

153 498 359 612 tuumque
400 493 636 593 coelestium
682 514 920 588 Chaldaeos.
988 515 1174 587 Deorum
1273 543 1283 585 f

93 655 97 660 ·
152 658 254 716 vero
289 659 404 733 saura
436 657 477 708 et
511 640 669 712 cultum
697 657 943 734 caeteraque
967 633 1078 709 vitae
1104 633 1182 707 in-,
1254 617 1259 624 .

153 750 295 828 stituta
328 780 380 828 ex
408 736 625 863 Magorum
653 757 909 834 institutione
935 782 1027 829 oum
1053 744 1171 843 ioce-

109 962 114 969 ἱ
151 872 256 974 pisse
291 874 419 950 aiunt.
483 879 625 978 Atque
656 885 759 953 haec
792 875 972 976 plurimis
1006 877 1172 976 quidem
1255 920 1263 927 -

142 1013 236 1069 'esse
264 997 451 1100 cognita,
490 999 827 1101 quandoquidem
851 982 1069 1083 literarum
1083 1024 1171 1071 mo·
1212 1046 1215 1066 .

112 1151 115 1155 ·
152 1117 357 1190 numentis
394 1119 621 1254 perscripta
663 1143 783 1195 sunt:
835 1119 995 1219 reliqua
1033 1142 1172 1194 autem

154 1236 239 1310 eius
262 1237 453 1312 instituta
477 1241 609 1315 minus
635 1266 720 1315 esse
746 1263 966 1349 comperta
1027 1242 1170 1314 Caete-

151 1385 245 1463 rum
270 1337 490 1472 Eudoxus,
519 1362 586 1436 lib.
603 1364 692 1439 VII.
719 1367 763 1436 tit
788 1367 868 1439 Situ
887 1353 1016 1455 Orbis,
1050 1384 1171 1436 tanta
1207 1350 1209 1366 ’

152 1480 336 1580 puritate
360 1484 637 1586 Pythago-ram
660 1497 776 1560 vst‘tm
798 1484 952 1583 scribit,
980 1491 1171 1582 adeoque

151 1582 207 1674 ab
241 1601 352 1675 omni
385 1608 513 1676 caede
549 1616 677 1704 atque
711 1605 988 1680 mactantibus
1021 1609 1170 1678 abhor-

149 1721 295 1815 ruisse,
330 1745 378 1800 vt
403 1751 493 1797 non
518 1747 681 1799 tantum
707 1725 891 1807 animatis
918 1722 1171 1816 abstinuerit,

151 1848 223 1917 sed
263 1869 342 1918 nec
384 1850 527 1946 coquis
567 1870 645 1919 neo
682 1827 945 1922 venatoribus
981 1864 1171 1946 unquam
1210 1892 1212 1899 ·
1249 1842 1278 1891 .·

138 1948 512 2066 appropinquarit.
573 1966 792 2066 Antiphon
819 1989 957 2042 autem
985 1967 1101 2040 libro·
1124 1969 1170 2040 de

78 2157 84 2176 ,
153 2094 198 2161 V
194 2090 249 2158 ito
277 2093 454 2159 Virorum
477 2093 614 2162 uirtute
640 2092 848 2175 illustrium,
876 2087 1063 2161 eximiam
1084 2088 1169 2159 eius

150 2199 412 2283 tolerantiam
437 2208 482 2281 in
504 2209 698 2313 Aegypto
726 2192 1031 2303 commemorat,
1070 2213 1169 2283 dum
1248 2218 1251 2270 ἶ

240 2451 343 2510 sedulo
373 2451 552 2512 arcebantur.
611 2456 658 2510 De
680 2453 812 2529 gentium
837 2454 924 2510 sacris
948 2453 1084 2531 exemplo
1107 2475 1168 2512 esst

239 2554 353 2616 potest,
384 2538 464 2612 quod
489 2538 524 2594 de
547 2540 707 2608 Mithrae
698 2538 793 2593 mitiis
815 2539 892 2614 apud
907 2540 1025 2594 Suidam
1048 2541 1168 2615 legitur,

238 2623 386 2678 neminem
406 2620 455 2675 illi
474 2623 530 2680 deo
547 2624 711 2680 consecrari
732 2623 880 2697 potuisse,
902 2624 962 2680 nisi
983 2644 1036 2699 per
1053 2622 1170 2703 aliquot

199 2718 207 2736 ¹
240 2706 457 2782 suppliciorum
494 2710 602 2781 gradus
637 2727 750 2762 sacrum
788 2722 816 2761 et
854 2709 1064 2781 impassibilem
1106 2727 1168 2764 sese

241 2791 416 2848 ostenderet.
468 2793 564 2849 Verba
594 2793 665 2847 haec
694 2805 777 2845 sunt:
814 2780 936 2891 Μίθραν
962 2795 1118 2892 νομῖζρισιν
1141 2789 1169 2848 οἷ

239 2875 348 2950 Πέρσαι
372 2866 443 2929 εἶναι
444 2868 515 2930 τὸν
537 2874 630 2945 ἥλιον,
657 2892 709 2929 etc.
733 2869 783 2928 otiu
801 2870 835 2926 tir
858 2866 906 2927 οὖν
930 2871 968 2936 εἷς
985 2870 1070 2928 atisin
1086 2873 1170 2944 ‹lusti-

187 3006 189 3011 .
239 2958 320 3013 σαιιό
343 2975 385 3017 τις
407 2956 588 3026 τελεσθῆναι,
622 2954 646 3011 tl
665 2960 703 3030 μὴ
721 2956 768 3010 διά
785 2973 862 3011 τινοιν
875 2955 1001 3026 βαθμῶν
1021 2954 1170 3029 παρελθὼν

239 3039 291 3094 τῶν
308 3035 443 3091 κολάσεσιν
459 3035 533 3111 <isliu
554 3035 685 3092 iuvtbr‘'
671 3057 749 3092 οσισν
764 3055 811 3090 και
805 3032 940 3104 ἀπαθῆ.
984 3039 1023 3092 Ει
1044 3038 1166 3110 Gregor.

177 3135 181 3138 ·
238 3120 378 3179 Nazianz.
412 3119 494 3176 Orat.
527 3125 549 3175 Ι.
582 3137 661 3176 cont.
692 3120 797 3175 Iulian.
834 3135 862 3172 et
891 3120 924 3172 in
953 3121 1002 3175 SS.
1029 3121 1167 3182 Lumina,
1247 3168 1251 3178 ,

206 3228 210 3235 ’
238 3202 290 3266 τὰς
307 3199 335 3257 ἓν
352 3202 467 3276 Μίτραν
482 3203 624 3276 βασάνους
641 3205 688 3258 καὶ
705 3204 813 3264 καύσεις
834 3201 955 3265 ἑνόἱνονς
971 3203 1022 3268 τὰς
1036 3204 1171 3275 prostitit

239 3304 460 3345 commemorat.
506 3289 574 3362 Quo
597 3288 665 3358 loco
686 3287 765 3343 Elias
788 3285 933 3341 Cretensis
955 3301 1090 3349 annotat,
1110 3287 1191 3341 inin

239 3370 354 3430 tiaudos
377 3391 430 3445 per
451 3374 519 3430 ΧΠ.
544 3375 689 3429 cruciatus
711 3372 781 3427 duci
802 3369 921 3427 solitos:
950 3372 1168 3448 nimirum'per

238 3460 356 3534 ignem,
378 3476 431 3529 per
449 3458 561 3532 frigus,
582 3479 637 3533 ptr
657 3459 780 3516 famem.
803 3475 857 3532 per
877 3456 974 3517 sitim.
995 3476 1047 3531 per
1069 3452 1168 3532 iisgra,

238 3563 292 3618 per
319 3540 435 3595 itineris
463 3541 647 3606 molestiam,
664 3552 666 3559 '
686 3542 800 3616 aliaque
827 3542 860 3597 id
888 3560 988 3613 genus.
1040 3542 1168 3598 Nonnns

240 3643 338 3682 autem
367 3624 399 3677 in
427 3629 571 3702 συναγωγῇ
592 3628 784 3683 historiarum
807 3646 867 3700 cap.
886 3625 922 3681 V·
950 3624 1168 3701 suppliciorum

239 3710 347 3784 gradus
368 3708 481 3763 LXXX
503 3710 593 3768 fuisse
616 3712 733 3775 scribit,
756 3711 863 3786 partim
886 3709 1079 3772 remissiores.
1101 3731 1167 3786 par·
1216 3768 1219 3775 ,

152 3821 154 3826 ·
241 3795 294 3849 tim
309 3794 492 3848 intentiores.
539 3798 662 3851 Primum
684 3800 772 3854 enim,
794 3793 908 3868 inquit,
931 3794 1083 3850 levioribus
1103 3817 1169 3868 sup·

239 3881 352 3951 pliciis,
382 3878 495 3931 deinde
517 3881 700 3936 atrotioribus
722 3876 900 3954 afficiuntur:
936 3893 1020 3955 atque
1041 3883 1083 3934 ita
1103 3892 1168 3952 post

240 3964 356 4016 decursa
382 3968 477 4019 omnia
501 3977 642 4019 tormenta
672 3968 758 4038 ipsius
780 3967 866 4018 sacris
888 3965 1053 4020 imbuuntur.
1105 3966 1174 4036 igni,

242 4051 346 4122 quippe
375 4061 404 4103 et
428 4069 501 4122 aqua
525 4062 608 4126 atque
628 4051 787 4127 huiusmodi
807 4046 1003 4126 suppliciorum
1024 4047 1172 4124 generibus
