2656 4672
358 320 434 382 ,uu
462 312 600 376 vrrA
626 312 1022 385 etraAoouArs,
1149 301 1203 405 89

126 489 387 589 dogmata
399 508 448 557 ea
469 473 653 562 dialecto
662 481 908 587 consignata
905 483 1120 591 intelligi
1104 496 1200 590 pc's

185 626 295 697 sent,
333 625 536 740 tanquam
567 603 749 738 spuria,
767 623 808 677 et
843 609 950 679 male
982 633 1199 721 percepta3
1258 671 1292 702 .,

86 743 89 746 ’
186 725 287 862 quia
312 725 463 820 aecii,
505 722 647 827 quiin
673 728 821 828 vulgus
848 752 897 806 ea
922 731 1205 829 proferebant,
1266 742 1268 747 ⁴
1324 813 1327 816 ,

183 847 273 930 veri
294 846 555 972 Pythagorici
571 868 699 934 erant
725 845 900 931 Accedit
924 850 1055 941 etiam,
1083 855 1201 950 quod
1310 907 1312 913 .

186 970 327 1069 Plato,
352 956 606 1067 Aristoteles,
634 989 675 1061 et
700 967 1000 1082 Speusippus,
991 991 1086 1048 rtem
1106 967 1200 1045 Ari.

169 1112 382 1203 ,ιιοιιιιιιιε
410 1109 452 1163 et
472 1090 737 1188 Xenocrates,
768 1111 815 1170 vt
830 1087 1202 1222 Pythagoreiaffir

89 1247 95 1261 ··
187 1231 324 1313 mant,
346 1209 554 1295 utilissima
564 1198 736 1310 quidem
749 1235 826 1321 pro
842 1208 920 1283 suis
937 1211 1202 1304 venditarint,

187 1331 331 1432 paucis
357 1331 602 1431 quibusdam
631 1329 868 1414 immutatis.
908 1331 1112 1440 vulgaria
1122 1357 1203 1405 au

188 1473 273 1527 tem
297 1478 346 1526 ac
370 1451 542 1544 leuiora,
586 1470 627 1524 et
652 1476 929 1554 quaecunque
956 1458 1009 1526 ad
1029 1449 1204 1526 'subuere

170 1577 359 1647 ‘tendam
401 1594 529 1672 atque
568 1570 816 1647 irridendam
855 1578 1253 1676 Pythagoreorum
1286 1660 1288 1667 s

163 1784 169 1797 ⁸
189 1699 369 1770 scholam
390 1695 442 1766 ab
458 1690 603 1769 inuidis
623 1715 664 1767 et
680 1695 1041 1778 calumniatoribus
1060 1715 1205 1795 postea
1244 1744 1246 1746 -
1276 1775 1281 1791 .

190 1814 427 1920 excogitata
447 1799 903 1922 fuere,'coaceruarint,
931 1837 973 1889 et
998 1837 1045 1893 vt
1069 1824 1205 1897 sectae
1232 1859 1238 1879 ι

190 1932 276 2016 eius
302 1933 475 2036 proprie
505 1934 757 2047 reliquerint,
814 1937 893 2021 Sed
927 1942 1029 2023 haee
1060 1955 1205 2045 postea

144 2127 150 2139 ,
191 2053 468 2158 contigerunt

200 2263 203 2271 s
290 2177 542 2279 Pythagoras
568 2199 706 2256 autem
731 2180 947 2282 cumipse,
973 2200 1062 2256 tum
1086 2155 1205 2256 amici

191 2320 243 2371 ao
262 2295 495 2394 familiares,
522 2299 627 2374 diu
616 2327 661 2375 m
681 2302 800 2384 Italia
823 2315 952 2378 tanta
967 2302 1011 2375 in
1030 2297 1205 2374 admira

191 2398 321 2493 tione
338 2421 472 2512 fuere,
512 2443 560 2500 vt
593 2443 634 2502 et
667 2422 851 2516 ciuitates
884 2421 1087 2524 discipulis
1120 2416 1207 2511 eius

99 2534 104 2547 ’
190 2541 439 2651 respublicas
464 2542 663 2651 'regendas
689 2544 968 2620 commiserint.
998 2544 1207 2620 Tandem
1280 2575 1310 2637 g

93 2748 96 2751 ,
192 2687 293 2739 vero
320 2661 478 2737 inuidia
499 2665 687 2757 laborare
713 2687 962 2766 coeperunt,
997 2683 1039 2737 et
1063 2659 1206 2735 seditio
1261 2694 1263 2699 ·

192 2789 388 2858 aduersus
423 2783 532 2885 ipsos
570 2791 649 2860 hac
680 2786 841 2873 ratione
875 2784 1083 2858 concitata
1115 2770 1215 2880 fuitf'

193 2906 296 3029 Gylo
324 2905 601 3002 Crotoniates,
645 2930 794 3011 genere
822 2906 988 3007 quidem
1010 2925 1055 2977 et
1079 2901 1209 3036 maipa

192 3053 285 3113 rum
293 3022 457 3130 gloria
474 3028 702 3130 opibusque
729 3026 851 3120 facile
879 3026 1003 3108 totius
1034 3017 1210 3106 ciuitatis

193 3146 406 3258 princeps,
433 3170 639 3231 caeterum
664 3147 811 3283 asperis
836 3147 1031 3241 moribus,
1064 3165 1105 3220 et
1132 3146 1208 3214 do
1279 3206 1280 3210 ,

120 3312 155 3318 ·‹
192 3267 379 3352 minandi
401 3266 594 3371 cupidus:
620 3292 710 3353 tum
733 3269 954 3353 amicorum·
981 3261 1137 3400 copia,
1147 3257 1209 3334 di
1246 3319 1250 3327 .

194 3389 472 3489 vitiarumque
497 3390 755 3476 adminiculo
789 3395 844 3486 ad
875 3387 1112 3481 inlustltlam
1135 3407 1217 3495 Μ’,
1306 3413 1316 3421 “

194 3508 527 3626 probitatemque
550 3515 710 3590 abusus.
742 3516 779 3588 Is
796 3538 890 3587 cum
905 3507 1071 3621 caeteris
1089 3524 1210 3615 praes

195 3631 313 3712 claris
327 3633 448 3707 rebus
466 3626 650 3710 omnibus
665 3634 834 3738 dignum
853 3659 935 3708 sese
949 3613 1209 3704 existimarem

194 3773 285 3831 tum
307 3777 408 3828 vero
430 3756 555 3855 longe
580 3754 855 3859 dignissimum
879 3751 1104 3831 iudicabat,
1137 3740 1211 3844 qui
1287 3741 1317 3828 ,’

195 3814 529 3977 Pythagoricae⁰
537 3875 820 3974 philosophiae
855 3872 1058 3974 particeps
1099 3856 1212 3944 esset.

195 3994 369 4072 Accedit
400 3997 675 4100 Pythagoram
699 3995 962 4099 semetipsum
998 3984 1213 4096 depraedi·
1228 4012 1244 4033 ν
