2656 4672
166 305 241 394 254
342 288 1016 383 nocane-,criunstsnusu

165 495 264 567 μένοις
278 491 383 550 ἐκείνου
398 489 531 563 μαθητὰς
546 481 629 556 εἶναι,
655 489 757 559 μᾶλλον
777 493 907 565 σιγῶντας
929 493 1173 568 θααμᾶζαμιν,“
1149 514 1203 567 η’.

165 580 229 641 τοὺς
245 576 292 635 ἐπὶ
306 578 343 648 τῷ
359 573 445 645 λέγειν
461 575 589 644 μεγίστην
602 571 716 636 doinst
701 592 819 639 εχονιας.
853 575 913 636 Ait,
939 598 997 640 eos,
1016 582 1070 653 qui
1086 600 1116 634 ee
1131 580 1172 641 il·

165 663 197 720 lo
219 663 304 716 e'tiam
328 674 400 711 aeuo
420 674 476 730 pro
499 654 650 728 discipulis
673 649 876 729 Pythagorae
874 663 1032 732 gesserint
1054 665 1169 721 maiore

165 750 198 802 in
216 741 407 799 admiratione
428 741 526 800 inisse,
549 741 635 794 etiam
654 741 723 811 dum
747 756 881 805 tacerent,
904 764 990 818 quam
1002 744 1096 807 alios.
1115 748 1173 822 qui

92 859 109 874 ν
165 831 215 887 vel
237 827 393 883 maximam
415 840 508 878 essent
536 822 718 895 eloquentiae
743 823 866 897 gloriam
896 831 1052 895 consecuti.
1088 832 1170 887 'Inde

165 911 312 973 aestimari
332 907 508 984 probarique
531 906 614 962 facile
635 926 738 981 posse,
763 927 849 981 quam
870 911 996 967 libenter
1017 929 1047 968 et
1067 898 1174 975 andole-¹

165 1014 275 1056 scentes
298 991 492 1066 Pythagoram
519 991 630 1051 inerint
656 993 768 1054 sectati,
808 1009 836 1049 et
859 1014 939 1051 senes
963 984 1030 1054 tuci
1054 997 1170 1059 liberos,

166 1101 233 1138 cum
256 1079 359 1134 codem
379 1075 489 1129 versari
512 1075 693 1150 cupiuerint‚
722 1077 793 1132 adeo
818 1095 852 1134 vt
877 1079 960 1135 illiue
982 1069 1172 1149 institutioni

167 1160 253 1222 etiam
274 1162 319 1216 rei
339 1157 489 1214 familiaris
513 1177 610 1223 curam
633 1157 863 1232 posthabuerint.
905 1164 1017 1218 Eodem
1039 1166 1172 1240 pertinet

163 1247 374 1326 prouerbium:
401 1243 447 1296 De
465 1264 575 1302 nuntero
591 1255 655 1296 sunt
671 1244 927 1317 Pythagoreorum:
951 1247 1009 1313 Τῶν
1025 1251 1169 1320 Πυθαγο-

163 1335 242 1406 osiam
254 1327 324 1385 eici:
349 1325 429 1400 quod
444 1346 497 1382 suo
516 1346 634 1424 quoque
648 1345 721 1380 aeuo
737 1327 852 1384 durasse
869 1330 970 1386 scribit
982 1328 1167 1387 lamblichus

115 1442 123 1460 .
165 1434 225 1488 cap.
245 1426 294 1480 53.
336 1414 428 1465 Porro
444 1410 480 1464 ad
496 1410 724 1465 aestimationem
744 1414 1001 1493 auctoritatemque
1017 1413 1164 1488 Pythago·

163 1519 212 1555 rae
233 1494 393 1552 maximam
416 1493 614 1550 declarandam
631 1492 688 1548 hoc
709 1514 831 1569 quoque
845 1498 928 1560 iacit,
952 1498 1057 1571 quod
1047 1516 1088 1552 m
1084 1515 1165 1570 pro·

163 1579 404 1638 verbtumabnt
426 1573 600 1645 Αυιοςεφα
617 1576 674 1631 hoc
693 1583 931 1652 est,lpsed111t
955 1581 1059 1635 Cicero
1074 1581 1167 1647 hb12

164 1669 207 1723 De
228 1668 337 1721 Natura
358 1663 495 1741 Deorum:
524 1661 592 1713 Non
613 1674 669 1714 tarra
689 1676 813 1718 auctores
831 1669 859 1719 in
876 1667 1059 1739 disputando,
1081 1686 1166 1742 quam

163 1752 283 1809 rationis
297 1760 434 1801 momenta
451 1744 608 1818 quaerenda
622 1758 693 1799 sunt.
722 1748 796 1823 Quin
812 1752 896 1804 etiam
910 1749 996 1804 obest
1002 1750 1166 1824 plerumque

165 1841 218 1899 iis,
243 1854 291 1909 qut
285 1832 410 1886 discere
426 1830 538 1889 volunt,
558 1832 708 1884 auctoritas
729 1852 841 1896 eorum,
860 1832 908 1909 qui
920 1853 949 1886 se
965 1834 1062 1888 docere
1076 1834 1164 1908 profi·

140 1933 262 1974 tenter.
309 1916 531 1970 Desinaneanim
550 1931 627 1966 suum
647 1915 776 1968 iudicium
792 1918 938 1976 edlrzt'bere
959 1917 989 1971 id
1006 1918 1163 1974 habeam·

163 2018 231 2065 tum,
254 2001 329 2076 quod
340 1999 376 2054 uh
392 2018 440 2060 eo,
460 2016 538 2070 quem
553 1996 689 2069 probant,
711 2000 860 2056 indicatum
873 2003 978 2057 vident.
1024 2003 1083 2055 Nec
1095 2020 1170 2057 uero

161 2087 280 2163 probare
298 2085 376 2139 soleo
392 2084 439 2142 id,
470 2081 545 2155 quod
568 2081 603 2134 de
621 2081 817 2156 Pythagoricis
838 2088 1008 2158 accepimus.-
1037 2105 1107 2159 quos
1116 2084 1165 2157 fe·

162 2188 235 2231 runt,
251 2169 356 2246 siquid
371 2165 547 2239 affirmarent
562 2166 590 2218 in
606 2165 785 2238 disputando,
797 2190 860 2231 ‚cum
874 2191 907 2223 ea
923 2172 960 2223 eis
976 2185 1162 2247 quaereretur,
1213 2156 1221 2175 Ε

163 2275 246 2329 quero
269 2254 310 2308 ita
331 2256 422 2306 esset?
447 2249 610 2323 respondere
626 2251 742 2314 solitos,
764 2271 831 2307 n’st
848 2272 953 2307 naxia.
989 2256 1052 2329 Ipse
1068 2268 1165 2309 autent

123 2375 126 2379 ·
161 2353 222 2394 erat
250 2338 437 2410 Pythagoras.
492 2332 612 2386 Tantum
637 2337 734 2407 opinio
756 2339 946 2409 praeiudicata
966 2348 1096 2412 poterat,
1130 2350 1163 2393 ut

99 2478 103 2485 ,
162 2426 246 2478 etiam
263 2422 322 2475 eine
339 2421 448 2473 ratione
461 2416 567 2471 valeret
580 2421 744 2478 auctoritas,
764 2437 816 2474 etc.
850 2425 878 2476 S.
893 2421 1023 2493 Cyrillus
1038 2420 1092 2479 lib.
1109 2424 1161 2485 111,
1181 2476 1185 2485 ,

162 2508 328 2563 comment.
349 2504 382 2556 in
404 2502 517 2556 Esaiam
544 2519 604 2574 cap.
629 2514 676 2568 32.
709 2503 776 2557 viro
804 2504 973 2559 doctissimo
996 2506 1159 2561 Laurentio

160 2587 325 2646 Humiredo
346 2583 443 2660 Anglo
462 2587 630 2658 interprete:
663 2585 789 2640 Nan-ant
803 2591 887 2641 moris
898 2587 1001 2661 fuisse,
1023 2609 1084 2663 tum
1101 2591 1160 2663 Py·

162 2675 298 2748 thagorae
318 2671 446 2743 discipuli
468 2669 661 2744 loquerentur,
684 2672 821 2725 interdum
836 2672 965 2744 frigida,
988 2688 1016 2728 et
1031 2673 1158 2736 ridicula,

160 2772 190 2816 et
206 2759 298 2812 irruitis
315 2755 504 2815 incredibilia.
527 2753 597 2821 illud
618 2755 718 2815 dicere,
749 2774 816 2809 msa
839 2775 948 2810 mittut
977 2759 1074 2818 hest,
1094 2757 1159 2829 file.

160 2857 190 2898 et
203 2842 293 2917 fidem
315 2839 416 2894 adhibe
438 2840 578 2909 dogmatis
598 2841 753 2898 incentori,
774 2842 858 2894 etiam
873 2845 944 2895 citra
958 2860 1082 2896 eramen.
1104 2856 1159 2897 etc.

158 2928 303 2982 Diuersus
324 2920 464 2977 nonnihil
486 2921 519 2975 ab
539 2919 586 2975 his
608 2922 668 2976 ahit
684 2923 803 2982 Suidas.
823 2916 1005 2996 significans,
1026 2942 1087 2980 non
1103 2927 1160 2996 Py·

155 3011 295 3084 thagorae
318 3005 478 3081 discipulos
504 3003 539 3058 de
565 3005 705 3077 magistro
731 3006 772 3060 sic
799 3006 895 3061 dicere
916 3009 1037 3073 solitos,
1067 3004 1159 3072 Αὐτὸς

157 3094 227 3166 ’iam
253 3093 326 3148 sed
316 3109 414 3166 ipsum
430 3087 621 3162 Pythagoram
638 3089 672 3142 de
688 3087 752 3144 deo
795 3092 872 3144 Haec
891 3094 970 3146 enim
989 3107 1057 3148 sunt
1070 3092 1160 3146 Len

157 3177 337 3252 ecgraphi'
312 3194 374 3230 etus
389 3174 492 3230 verba:
514 3168 635 3235 Aizta’'
619 3192 681 3243 εφα.
706 3192 787 3227 τουτο
803 3173 1016 3246 παροιμιακὸν
1001 3178 1048 3231 επὶ
1066 3175 1158 3245 (forte

155 3257 230 3326 ἀπὸ)
256 3259 431 3330 Πυθαγόαου
453 3275 502 3310 του
520 3255 672 3324 φιλοσόφου
689 3248 818 3319 εἰσῆλθεν
840 3248 878 3314 εἷς
900 3254 947 3306 τὸν
968 3254 1043 3325 βίον.
1078 3248 1160 3321 ουτος

153 3347 208 3420 γὰρ
236 3345 425 3416 ἀποσεμνύνων
447 3344 494 3397 τὸν
517 3341 615 3396 ἑαυτοῦ
637 3342 718 3410 λόγον
740 3340 787 3393 καὶ
810 3338 928 3408 βίον,
916 3360 944 3395 εν
962 3343 1022 3405 ταῖς
1037 3341 1160 3413 ὁμιλίαις

153 3435 259 3507 i'ieyeu·
291 3429 380 3493 Αὖιὸς
397 3431 463 3501 ἔφα,
492 3426 554 3484 ἀντὶ
570 3430 633 3492 teir,
660 3420 743 3481 einer.
784 3422 832 3480 etin
849 3423 947 3496 ἐμὸςὸ
962 3429 1057 3500 λόγος,
1087 3428 1159 3489 eim

153 3520 204 3573 aet
220 3519 301 3572 θεοῦ.
337 3513 424 3587 Quod
441 3528 536 3567 autem
549 3516 685 3566 Erasmus
698 3524 788 3584 putat,
811 3528 922 3564 morem
938 3510 1018 3569 hunc
1030 3512 1158 3588 loqueu-

154 3601 187 3656 di
220 3601 374 3676 sumpsisse
402 3596 594 3669 Pythagoram
626 3595 661 3651 ab
690 3594 858 3667 Aegyptiis,
896 3597 1002 3649 rectius
1033 3597 1158 3655 lomene

155 3685 277 3740 dixisset
294 3685 330 3741 ab
344 3681 502 3750 Hebraeis.
525 3698 652 3754 quorum
671 3677 823 3753 prophetis
846 3678 1002 3735 familiares
1016 3697 1085 3736 stent
1100 3681 1157 3737 hae

153 3767 312 3824 formulae:
346 3769 421 3822 Haec
444 3765 513 3818 dicit
530 3766 684 3820 Dominus:
709 3763 796 3816 item:
836 3762 876 3816 Os
899 3763 1013 3819 Domini
1031 3764 1158 3821 locutum

153 3864 211 3914 dii,
233 3869 286 3911 etc.

239 3929 379 4010 Κύλων]
417 3937 465 3990 De
487 3932 545 3989 hcc
567 3929 696 4003 Cylone‚
727 3928 847 4002 eiusque
867 3920 1016 4003 potentia,¹
1037 3928 1157 4004 opibus,

144 4018 228 4079 -faettt
244 4024 412 4099 marcaico,
439 4017 588 4096 quomodo
602 4016 675 4071 item
691 4027 719 4069 ct
737 4032 824 4087 quare
840 4032 856 4066 a
871 4012 1036 4091 Pythagora
1055 4013 1158 4089 rapul·
1211 4066 1220 4087 ,
