2656 4672
549 40 556 77 l
668 57 671 61 ·
737 64 739 77 i

337 264 426 363 nn
456 292 595 357 vira
624 284 1003 358 arruAconAn.
1148 273 1200 378 95

179 488 335 574 graret,
374 458 588 542 familiares
619 463 848 566 semetipsos
878 465 921 538 in
946 465 1094 570 ignem
1105 462 1199 539 mit·

177 610 311 664 tentes
340 584 532 692 magistro
556 600 630 662 suo
656 577 809 662 exitum
843 586 1062 686 aperuisse,
1104 611 1197 661 cor

175 710 344 811 poribus
377 730 508 810 ponte
536 707 772 810 perignem
801 729 948 784 strato:
987 711 1194 810 Pythago-

175 856 262 912 ram
289 852 390 908 vero·
418 857 470 904 ex
495 824 688 904 incendio
715 816 906 930 elapsum,
932 827 1193 905 familiaribus
1266 905 1268 910 ,

175 946 363 1026 omnibus
398 934 655 1042 destitutum,
705 976 806 1050 prae
845 947 968 1024 animi
1006 972 1191 1022 moerore

172 1073 430 1172 semetipsum
462 1098 485 1145 e
510 1054 613 1148 riuis
643 1071 853 1155 sustulisse.
913 1069 1017 1150 Viris
1052 1090 1190 1142 autem
1235 1152 1238 1165 Ι

163 1170 252 1269 ⁴istis
278 1174 357 1266 liac
385 1192 616 1267 calamitate
644 1193 859 1291 oppressis,
893 1189 1043 1266 defecit
1068 1188 1189 1264 etiam
1258 1216 1261 1231 ’

169 1336 257 1389 vna
289 1337 384 1386 cum
415 1313 470 1386 eis
504 1308 702 1409 scientia,
741 1338 866 1413 quam
897 1319 1113 1410 hucusque
1142 1311 1189 1388 in

169 1429 406 1533 pectoribus
447 1456 640 1508 arcanam
678 1435 1015 1532 reconditamque
1049 1414 1188 1507 custo·

169 1553 350 1650 dierant3
382 1573 547 1653 praeter
572 1560 776 1656 quaedam
802 1553 1016 1635 intellectu
1041 1549 1187 1627 diffisi·

166 1675 241 1767 lia,
294 1690 405 1774 quae
445 1676 651 1750 exterioris
692 1675 939 1751 admissionis
979 1674 1186 1755 auditores
1283 1656 1303 1675 Ἀ

165 1794 361 1874 memoria
398 1796 656 1896 repetebant
722 1798 868 1900 Neque
909 1797 1017 1872 enim
1053 1800 1184 1873 ullum
1266 1857 1276 1874 A„

165 1918 426 2018 Pythagorae
459 1914 654 2018 scriptum
688 1923 867 1994 eXtabat
923 1917 1038 2016 Lysis
1061 1943 1184 2022 prae-

165 2056 280 2111 terea
305 2059 432 2136 atque
448 2039 700 2142 Archippus,
727 2059 767 2114 et
789 2060 1061 2142 quotcunque
1075 2042 1183 2113 forte
1277 2069 1281 2079 ·

164 2159 336 2259 fortuna
362 2162 484 2232 domo
503 2180 591 2233 tum
609 2185 778 2271 peregre
797 2164 985 2267 aberant,
1013 2159 1181 2263 exiguos

164 2284 366 2386 quosdam
405 2281 689 2382 philosophiae
728 2279 925 2386 igniculos
960 2303 1190 2356 conserua-J

130 2404 281 2492 runt,
317 2397 509 2479 obscuros
538 2429 606 2476 eos
635 2404 873 2497 admodum,
916 2424 956 2476 et
980 2400 1179 2503 peruesti-
1248 2487 1250 2489 ¹

162 2541 266 2624 gatu
289 2516 485 2596 difficiles.
545 2523 626 2598 Soli
653 2525 760 2599 enim
789 2524 868 2598 iam
895 2523 1094 2617 derelicti,
1135 2516 1217 2607 οἱ,

161 2644 384 2718 doloreob
409 2653 618 2744 patratum
644 2649 771 2719 scelus
794 2645 1031 2741 exanimati,
1074 2645 1177 2720 alius
1235 2690 1238 2695 -

160 2761 243 2836 alio
271 2763 456 2864 dispersi,
496 2771 716 2840 humanam
747 2767 980 2840 societatem
1012 2791 1176 2842 auersa·

159 2885 333 2958 bantur:
360 2910 546 2963 verentes
562 2893 711 2983 autem,
732 2910 785 2962 ne
800 2887 1080 2988 philosophiae
1096 2913 1175 2960 no-

157 3031 254 3082 men
280 3007 388 3080 inter
414 3008 594 3083 homines
619 3011 782 3110 penitus
807 3011 1007 3103 interiret,
1047 3033 1174 3109 atque

147 3138 249 3201 'eam
273 3129 326 3201 ob
352 3154 436 3202 rem
464 3135 559 3204 deos
579 3156 748 3234 quoque
768 3134 874 3234 ipsos
895 3136 1094 3205 haberent
1109 3132 1172 3203 in-

126 3251 316 3343 fensos,
363 3253 658 3357 ‘commentaria
703 3260 906 3355 quaedam
946 3249 1173 3328 summatim

122 3464 127 3470 .
156 3392 499 3468 composuerunt,
543 3396 584 3448 et
619 3374 882 3476 antiquorum
917 3373 1089 3474 scriptis,
1128 3390 1171 3447 et
1263 3438 1267 3460 ,

99 3551 100 3555 ,
153 3484 210 3564 iis
222 3513 400 3589 quorum
415 3492 489 3593 ipsi
504 3491 770 3572 meminerant
784 3494 827 3572 in
842 3523 969 3576 vnum
984 3492 1169 3588 redactis,

149 3636 265 3712 ⁸quae
289 3636 338 3682 eo
364 3635 449 3712 quo
472 3616 645 3718 quisque
669 3618 762 3694 loco
782 3620 880 3695 obiit
894 3619 1168 3717 reliquerunt:

152 3731 451 3833 praecipientes
473 3733 561 3810 liliis
584 3739 844 3842 filiabusque,
872 3760 944 3814 aut
960 3737 1178 3829 viroribus,
1269 3748 1283 3760 “’

151 3878 206 3926 ne
217 3853 416 3955 xculquam
435 3877 550 3929 extra
565 3860 756 3944 familiam
771 3886 910 3935 eorum
927 3860 1087 3960 copiam
1101 3863 1182 3935 fa·-

146 3994 305 4065 ,cerenu
339 3981 472 4077 quue
494 3981 694 4056 continua
715 3988 895 4086 quadam
913 3981 1166 4095 successione
