2656 4672
345 358 348 365 .
385 324 453 377 nn
481 316 618 380 vtuA
646 319 1036 381 raraaoonna.
1166 325 1213 404 9¹

205 510 323 582 cans,
350 509 391 564 et
416 472 875 568 conuersationem'eius
903 494 1108 590 expeteris.
1159 488 1218 567 At

204 606 283 682 ille*
292 634 385 713 cum
399 625 589 685 naturam
603 632 817 711 moresque
830 611 1001 693 hominis
1016 610 1216 687 continuo
1321 676 1323 689 .

205 733 473 830 explorasset,
500 752 627 832 atque
653 759 704 807 ex
731 731 908 830 indiciis,
935 759 1043 836 quae
1070 759 1121 807 ex
1147 758 1218 817 ace
1272 820 1276 827 .

206 850 440 935 cedentium
466 877 640 954 corpore
666 856 882 955 captabat,
917 852 1031 956 q'uali
1051 852 1217 957 ingenio

206 992 318 1066 esset,
340 972 618 1075 perspexisset,
646 975 756 1052 iussit
770 975 902 1076 ipsum
919 976 1040 1068 abire,
1068 997 1108 1048 et
1126 999 1218 1050 suas
1241 987 1244 993 '
1287 1038 1294 1047 .

203 1089 281 1171 sibi
303 1090 363 1167 res
390 1121 520 1198 agere.
574 1100 622 1176 Id
645 1124 732 1172 non
759 1097 952 1174 mediocri
974 1101 1115 1171 dolore
1138 1097 1218 1194 Cy-

203 1212 342 1291 lonem
369 1216 608 1312 commouit,
635 1244 685 1293 ac
711 1216 743 1305 si
769 1217 1017 1295 contumelia
1044 1219 1217 1293 'affectus

203 1330 359 1410 fuisset:
400 1337 533 1413 virum
565 1338 662 1413 alias
696 1338 786 1416 satis
814 1342 1001 1444 asperum
1028 1314 1068 1412 ei
1095 1337 1219 1413 animi

203 1451 511 1555 impotentioris.
571 1461 732 1540 Coactis
759 1489 855 1568 ergo
884 1461 928 1537 in
955 1487 1085 1535 vnum
1118 1453 1217 1549 ami&

185 1573 296 1668 cis„
314 1574 587 1683 Pythagoram
621 1583 823 1661 criminari
850 1581 1007 1683 coepit,
1050 1603 1093 1656 et
1119 1578 1217 1657 i‘nsi·

205 1690 291 1770 dias
316 1700 391 1800 ipsi
414 1725 455 1778 et
479 1703 614 1777 amicis
638 1702 721 1783 eius
745 1730 904 1806 parare.
944 1703 1007 1777 Ac
1029 1703 1216 1804 proinde,

203 1839 252 1893 vt
276 1823 469 1898 nonnulli
494 1827 694 1919 referunt,
720 1830 978 1929 Pythagorae
1003 1824 1216 1901 familiares

202 1936 249 2013 in
291 1930 453 2020 Milonis
499 1950 678 2037 athletae
725 1946 891 2026 aedibus
934 1967 1216 2050 congregatos,
1281 1965 1299 1976 ’

205 2040 374 2139 absente
406 2087 493 2144 tum
521 2071 755 2177 Pythagora
788 2077 906 2162 (nam
933 2073 986 2140 ad
1015 2073 1215 2162 Pherecy÷

205 2187 297 2287 dem
331 2187 507 2282 Syrium,
550 2215 634 2288 quo
665 2211 934 2292 praeceptore
961 2190 1055 2265 olim
1080 2191 1216 2265 fuerat

203 2330 319 2403 ysus,
361 2307 405 2383 in
439 2312 591 2387 Delum
625 2312 875 2406 discesserat,
917 2334 964 2387 vt
989 2302 1216 2412 pediculari

203 2429 365 2521 morbo,
402 2453 527 2528 quam
553 2433 793 2535 phthiriasin
820 2455 991 2526 vocant,
1024 2422 1214 2528 correpto

131 2610 134 2615 .
203 2553 374 2644 adesset,
402 2575 625 2653 curamque
648 2554 732 2631 eius
755 2557 934 2657 gereret)
961 2577 1099 2628 onmes
1120 2549 1215 2650 igne

200 2667 372 2745 immisso
399 2695 654 2770 exusserunt,
680 2698 722 2751 et
746 2674 948 2777 lapidibus
972 2677 1216 2762 obruerunt3

202 2793 365 2868 duobus
400 2813 563 2871 tantum
605 2822 657 2870 ex
693 2796 885 2870 incendio
928 2801 1090 2896 elapsis,
1136 2789 1216 2865 Ar·
1249 2784 1257 2793 ’

203 2911 357 3014 chippo
399 2935 440 2988 et
473 2915 643 3012 Lyside,
688 2935 737 2992 vt
777 2920 982 2991 Neanthes
1023 2910 1215 3016 prodidit.
1295 2950 1304 2972 x

169 3063 172 3067 ·
201 3030 270 3105 Ex
293 3033 401 3109 hisce
426 3035 544 3144 Lysis
569 3037 612 3112 in
640 3036 812 3121 Graecia
835 3036 1055 3128 habitauit,
1088 3054 1131 3106 et
1160 3033 1215 3103 ad

200 3151 533 3253 Epaminondam
556 3186 597 3234 se
620 3159 807 3251 contulit,
834 3157 947 3233 cuius
974 3159 1069 3233 olim
1094 3177 1214 3256 prae·

203 3295 349 3376 ceptor
367 3277 456 3354 fuit.
514 3283 592 3369 Sed
614 3281 890 3369 Dicaearchus
917 3298 957 3351 et
984 3273 1214 3353 accuratio-

201 3423 265 3472 res
290 3420 476 3480 auctores
489 3401 632 3507 ipsum
659 3427 828 3504 quoque
852 3405 1123 3503 Pythagoram
1140 3400 1237 3468 ad-·
1290 3470 1295 3484 ,

188 3519 322 3594 fuisse
349 3518 487 3618 aiunt,
520 3551 613 3600 cum
638 3514 806 3600 insidiae
831 3522 925 3597 illae
952 3538 1217 3610 struerentur,-

201 3640 476 3740 Pherecydem
512 3648 620 3723 enim
658 3646 739 3721 iam
777 3645 882 3720 diem
906 3669 1031 3743 'suum
1062 3637 1214 3742 obiisse,

204 3784 426 3864 antequam
453 3792 506 3839 ex
533 3769 650 3842 Samo
676 3768 910 3842 discederet.
961 3765 1027 3836 Ex
1044 3759 1214 3864 familia·

202 3882 312 3988 ribps
328 3870 463 3967 autern
480 3889 755 4001 quadraginta
770 3885 934 3986 quidem
950 3884 1066 3962 simul
1080 3883 1123 3956 in
1139 3886 1215 3954 do-

202 4031 269 4081 mo
285 4015 465 4108 quadam
483 4010 631 4086 insidiis
655 4009 971 4106 circumuentos:
996 4008 1216 4108 plerosque
