2656 4672
112 280 115 289 '
205 262 277 374 134
365 282 1054 345 nortonam-unstrutam

101 447 106 468 ¹
203 459 352 538 poterat)·
366 464 432 534 quia
453 476 510 516 non
533 464 623 516 exstat
644 459 731 519 aliur,
765 456 845 531 fulto
871 459 994 513 Samium
1020 455 1214 531 Pythagoram
1263 466 1266 471 '

206 547 309 601 edunt:
345 566 424 620 quem
446 547 542 601 Seruio
564 544 659 601 Tullio
679 556 815 617 regnan-te
834 543 943 598 Romae
961 555 1069 596 centum
1093 541 1223 612 amptius.-

175 699 181 709 ἱ
206 642 273 708 post
291 648 394 690 aanor,
403 632 454 698 in
467 626 574 684 ultima
595 628 698 682 ltaliae
717 646 768 682 ora
791 629 864 681 circu
883 626 1102 700 Metapontum,
1126 626 1215 680 Hera

208 717 350 791 oleamque
369 726 397 768 et
418 716 594 771 Crotonem'
584 731 712 765 iuuenum
731 712 930 765 aemulantium
950 710 1043 764 studia
1058 722 1150 764 coetus
1164 709 1214 764 ha·

103 794 106 799 ³
208 800 299 855 baisse
320 809 436 854 eonstat.
486 796 534 852 Ea
559 795 657 872 quibus
679 796 764 859 locis,
793 798 844 849 etti
859 795 978 848 eiusdem
993 792 1216 866 aetatissuissat,

210 903 266 959 qua
280 880 393 954 fama'
382 903 411 935 m
426 881 542 936 Sabinos
557 895 606 936 aut
623 899 676 954 quo
692 879 806 951 linguae
820 883 979 933 commercio
996 897 1159 952 quemquam
1179 878 1218 931 ad

211 967 394 1039 cupiditatem
413 966 537 1019 discendi
554 966 719 1018 exciuisset?
749 982 838 1038 quoue
859 964 1001 1037 praesidio
1022 980 1091 1016 unus
1106 982 1156 1033 per
1173 974 1218 1017 tot
1283 965 1286 969 ’

211 1063 309 1125 gentes
323 1050 450 1127 dissonas
463 1069 587 1104 sermone
600 1048 774 1122 moribusque
789 1050 980 1121 peruenisset?
999 1046 1078 1099 Idem
1094 1044 1146 1102 lib.
1154 1046 1218 1101 XL.
1311 1082 1315 1087 -

212 1153 276 1208 cap.
301 1148 350 1206 29.
379 1134 486 1189 Adiitit
506 1135 609 1187 Antias
634 1132 776 1192 Valerius,
802 1132 1008 1206 Pythagoricos
1022 1128 1113 1203 fuisse
1133 1127 1218 1204 (soil.
1248 1146 1253 1151 ’

212 1215 305 1273 libros
326 1218 458 1279 Numae.
494 1235 569 1290 quos
592 1216 695 1272 scribit
716 1214 769 1271 sub
792 1215 922 1269 laniculo
944 1215 1082 1269 inuentos
1104 1234 1164 1271 esse
1187 1215 1220 1268 in

212 1319 272 1356 rna
301 1301 581 1373 duarumarcrrum
603 1299 783 1374 lapidearum
810 1299 949 1373 operibus
970 1297 1094 1373 plumbo
1119 1299 1221 1354 deuia·

184 1395 188 1399 ’
214 1385 286 1449 otis,
308 1401 337 1440 et
352 1380 518 1458 brematoe)
540 1386 674 1458 vulgatae
693 1385 837 1455 opinioni,
861 1404 915 1458 qua
936 1384 1054 1436 ereditur
1074 1384 1221 1458 Pythago·
1268 1437 1270 1440 .

214 1489 264 1526 rae
278 1469 433 1525 auditorem
447 1467 539 1542 fuisse
559 1469 695 1529 Numam,
718 1467 861 1525 mendacio
875 1466 1020 1544 probabili
1033 1465 1223 1523 accommoda·

208 1566 248 1610 tta
264 1555 337 1628 fide.
392 1556 396 1565 '

229 1677 233 1683 '
302 1669 428 1727 Accedat
442 1669 546 1726 eodem
568 1671 724 1726 auctoritas
740 1669 908 1732 Ciceronis,
932 1670 984 1744 qui
1002 1667 1091 1725 lib..1
1114 1652 1226 1728 Tmou!

217 1752 330 1837 Quaest.
352 1753 471 1816 scribit,
499 1753 692 1828 Pythagoram
708 1769 846 1828 regnante
864 1754 1027 1828 Tarquinio
1044 1754 1176 1829 Superbo
1192 1755 1229 1812 in'

215 1838 335 1893 ltaliam
356 1839 486 1900 venisse,
515 1839 701 1913 tenuisseque
724 1841 861 1912 Magnam
884 1836 965 1891 illam
986 1839 1136 1892 Graeciam
1157 1858 1238 1894 tum-

218 1921 334 1978 honoro
353 1937 382 1976 et
400 1921 577 1997 disciplina,
605 1937 668 1976 tum
691 1925 777 1977 etiam
793 1922 981 1987 auctoritate,
1005 1937 1062 1978 eto
1089 1922 1227 1984 Ciceroni

220 2006 348 2063 succinit
365 2021 393 2060 et
409 2005 541 2078 Agellius
555 2007 608 2062 lib
622 2006 718 2064 XVII.
740 2025 799 2080 oap.
816 2005 870 2061 vlt.
901 2007 969 2060 Post
992 2025 1025 2060 aa
1047 2006 1227 2082 Pythagorae

220 2091 356 2154 Samius
345 2111 375 2143 m
388 2091 502 2145 ltaliam
516 2094 607 2153 veuit,
632 2091 778 2165 Tarquinii
790 2091 859 2163 filio
877 2110 991 2164 regnum
1006 2090 1162 2154 obtinento,
1182 2091 1226 2145 eui

183 2223 186 2229 .
220 2189 432 2248 eognomentum
445 2174 581 2250 Superbus
592 2173 660 2247 fuit.

309 2286 384 2340 Cum
409 2287 553 2358 Dionysii
573 2285 784 2342 Halicarnassei
808 2287 992 2354 testimonio„
1005 2286 1040 2342 de
1062 2288 1098 2343 L.
1121 2274 1226 2364 Olym*

220 2368 308 2443 piade
330 2368 390 2422 fere
413 2371 552 2441 congruit
567 2368 768 2444 Chronologia
783 2371 922 2433 Eusebii,
943 2358 997 2444 qui
1011 2389 1076 2445 pag.
1098 2380 1167 2446 149·
1192 2372 1230 2429 etl

223 2451 431 2524 Olympiadem
447 2453 652 2526 sexagesimam
669 2455 821 2510 annotauit
836 2456 906 2510 istut
933 2452 1083 2526 Φερεκύδης
1094 2451 1230 2528 ἱστορικός

220 2528 392 2606 bonatista,
415 2536 598 2608 Πυθαγόρου
619 2533 797 2600 διόοὶοκαλοςε
830 2539 963 2612 quamuis
983 2539 1062 2610 idem
1084 2539 1235 2596 Eusebiut‘

222 2618 277 2676 lib.
298 2618 399 2692 priore
427 2639 493 2693 pag.
517 2629 567 2690 ρο.
596 2619 800 2692 Theognidem
828 2623 912 2677 faeiat
933 2621 1115 2695 Pythagorae
1136 2623 1230 2699 magi·
1301 2639 1305 2653 ⁴

225 2718 336 2759 utrumt
374 2702 485 2772 Θέογνις
514 2704 628 2773 ποιητής
649 2701 819 2778 ἐγνωρίζετο,
851 2705 1028 2778 Πυθαγόρου
1051 2702 1230 2770 όιόάοκαλοςε

224 2784 310 2862 (nisi
331 2785 408 2850 forte
433 2785 504 2858 quid
527 2787 626 2858 desit)
655 2803 683 2841 et
704 2788 739 2843 ad
767 2788 974 2864 Olympiadem
1004 2789 1110 2846 LXIV.
1135 2789 1232 2865 Σάμου
1278 2811 1281 2815 ·

222 2873 353 2948 οὐρανυοι
368 2870 563 2943 Πολυκράτης,
592 2873 639 2926 καὶ
657 2873 799 2939 Συλοσῶν,
830 2878 877 2930 καὶ
895 2876 1101 2945 Παυιοίγνωτος
1118 2872 1233 2946 ἀδελφοὶ

222 2958 369 3031 γογόυασι.·
395 2970 424 3009 et
444 2953 482 3010 ad
497 2952 667 3030 Olympiad.
685 2957 775 3013 LXV.
796 2958 974 3030 Πυθαγόρας
990 2955 1103 3025 φυσικός
1119 2957 1234 3028 qnttoo-
1294 3026 1297 3034 Ι

224 3056 276 3110 φας
293 3035 457 3111 ἑγυυρίζετο.
499 3040 526 3094 S..
543 3040 743 3110 Hieronymus
767 3039 845 3094 libro
861 3039 962 3113 priore
985 3037 1124 3093 Chronio.
1141 3042 1231 3098 Euse-

223 3120 270 3178 bii
290 3142 355 3197 pag.
371 3137 420 3190 30.
444 3121 614 3200 Pherecydes
634 3123 778 3177 historiens
798 3123 888 3177 clarus
910 3123 1034 3181 habetur.
1083 3125 1123 3179 Et
1143 3143 1230 3182 mox:

224 3207 310 3282 Apud
337 3209 449 3261 Samum
476 3208 652 3285 tyrannidem
678 3222 803 3262 exercent
828 3221 881 3260 tres
902 3205 1025 3278 fratres.
1060 3206 1230 3283 Polycrates.
1293 3244 1300 3259 .

225 3292 365 3370 Sykeon,
392 3304 420 3344 et
444 3291 656 3364 Pantagnotust
693 3308 722 3346 et
741 3312 806 3366 pag.
834 3304 884 3356 δι.
909 3289 1061 3369 Olympias
1081 3292 1172 3350 LXV·
1199 3294 1234 3349 iu

225 3395 282 3449 qua
296 3377 445 3428 Persarum
461 3375 537 3446 regis
552 3377 638 3428 Darii
653 3374 709 3428 filii
721 3374 865 3449 Histaepis
883 3374 942 3428 fuit
958 3394 1048 3433 annus
1071 3374 1232 3433 secuudust

224 3457 406 3536 Pythagoras
419 3458 553 3536 physicus
564 3459 627 3532 phil
628 3461 747 3533 osophus
765 3460 855 3512 clarus
870 3458 994 3514 habetur.

309 3561 484 3635 Eademque
501 3561 608 3635 repetit
637 3561 716 3622 libro
740 3563 903 3641 posteriore
928 3583 992 3639 pag.
1016 3572 1085 3631 123.
1110 3580 1139 3619 et
1144 3578 1235 3645 129.

224 3645 355 3701 Eusebio
383 3662 477 3700 autem
502 3645 651 3719 antiquior
678 3645 812 3701 Clemens
842 3630 1234 3727 Alexandrin.Strontat.13

224 3747 255 3804 p.
275 3743 343 3793 130
366 3729 562 3804 Pythagoram
585 3749 652 3783 cum
674 3729 823 3804 Polycrate
849 3731 884 3784 ad
911 3732 1130 3806 Olympiadem
1140 3735 1234 3790 LXII

102 3854 110 3871 .
224 3830 279 3886 per
295 3812 533 3885 anticipationem
550 3815 693 3892 quandam
711 3815 824 3869 reiicit:
848 3816 1024 3888 Πυθαγόρας
1041 3813 1071 3868 δὲ
1088 3816 1159 3872 κατὰ
1176 3824 1237 3876 Πο·
1280 3818 1283 3827 ’

225 3892 346 4002 luepulsa
363 3896 456 3950 τόγ’
428 3917 573 3971 τυραννον,
604 3901 666 3976 περὶ
690 3903 739 3973 τήν
761 3896 907 4008 ἓξηκοοτήν
923 3899 1052 3974 (levamur
1065 3897 1238 3983 3Olntpqytitlu

226 3981 387 4057 εὑρίσκεται.
